2730 4308
552 341 592 385 DE
616 341 796 385 GERMANIA.
1099 333 1140 392 27

205 513 279 555 naec
292 511 430 573 corpora,
447 510 526 572 quae
545 489 702 566 miramur,
719 502 909 554 excrescunt
955 491 1020 554 Sua
1034 514 1139 575 quem·

203 613 262 675 que
288 602 387 654 mater
413 591 559 654 uberibus
585 590 649 666 alit,
670 611 730 653 nec
758 589 877 654 ancillis
905 613 943 654 ac
970 595 1146 658 nutricibus.

202 693 402 776 delegantur„
424 689 606 766 Dominum,
625 712 663 754 ac
685 712 808 756 servum
835 689 928 756 nullis
950 693 1140 758 educationis

202 792 320 856 deliciis
342 792 536 876 dignoscas:
572 793 651 854 inter
684 791 792 854 eadem
820 813 941 872 pecora,
970 795 1003 858 in
1031 795 1139 862 eadem

201 895 296 958 humo
316 894 453 978 degunt;
482 893 581 958 donec
601 905 686 956 aetas
712 907 833 974 separet
860 895 1020 978 ingenuos,
1042 898 1139 962 uirtus

200 1008 356 1081 agnoscat.
401 995 478 1058 Sera
503 994 652 1079 juvenum
674 993 803 1071 Venus;
833 1017 932 1078 eoque
959 996 1140 1062 inexhausta

199 1099 363 1178 pubertas:
393 1117 452 1159 neo
483 1097 617 1180 virgines
638 1094 839 1173 festinantur;
868 1096 976 1160 eadem
1002 1097 1137 1182 juventa,

201 1199 309 1262 similis
336 1199 524 1280 proceritas:
552 1218 643 1280 pares
670 1195 850 1280 validaeque
883 1199 1072 1276 miscentur3
1101 1221 1139 1262 ac

200 1300 308 1362 robora
327 1309 488 1380 parentum
504 1297 597 1361 liberi.
612 1297 758 1362 referunt.
803 1298 949 1361 Sororum
962 1299 1035 1362 filiis
1056 1299 1139 1364 idem

201 1399 283 1480 apud
307 1400 504 1476 avunculum,
536 1398 592 1484 qui
624 1399 665 1464 ad
698 1408 822 1484 patrem
854 1399 958 1464 honor.
1003 1399 1139 1475 Quidam

201 1501 383 1564 sanctiorem
404 1501 625 1584 arctioremque
647 1500 729 1564 hunc
749 1523 864 1565 nexum
887 1503 1044 1586 sanguinis
1059 1502 1139 1565 arbi·

200 1613 323 1678 trantur,
354 1613 385 1664 ct
405 1602 437 1664 in
465 1601 652 1683 accipiendis
681 1603 839 1666 obsidibus
867 1603 966 1686 magis
991 1603 1136 1686 exigunt:

200 1713 344 1784 tanquam
379 1714 411 1764 et
438 1702 470 1764 in
502 1702 640 1764 animum
667 1701 795 1778 firmius,
825 1715 857 1766 et
883 1702 1010 1765 domum
1045 1702 1138 1766 latius

199 1814 330 1892 teneant.
374 1801 517 1866 Heredes
539 1815 643 1866 umen
671 1823 930 1886 successoresque
953 1804 1002 1866 sui
1024 1805 1136 1887 cuique

199 1903 304 1968 liberi:
334 1917 365 1966 ct
392 1904 512 1966 nullum
532 1915 761 1968 testamentum.
806 1903 841 1966 Si
862 1903 951 1967 liberi
972 1926 1034 1967 non
1055 1917 1136 1981 sunt,

197 2005 353 2085 proximus
396 2004 509 2087 gradus
551 2005 583 2066 in
626 2005 824 2089 possessione
865 2002 983 2081 fratres,
1026 2007 1135 2085 patrui,

198 2105 351 2170 avunculi.
396 2105 521 2178 Quanto
556 2104 627 2185 plus
661 2105 912 2186 propinquorum,
945 2126 1007 2186 quo
1041 2106 1136 2188 major

198 2205 335 2268 affinium
357 2225 515 2280 numerus,
538 2216 622 2268 tanto
644 2205 804 2286 gratiosior
825 2215 978 2280 senectus,
994 2225 1052 2266 nec
1075 2205 1137 2268 ulla

198 2305 334 2368 orbitatis
355 2306 462 2385 pretia.
753 2367 757 2376 ,

240 2403 332 2469 ΧΧΙ.
363 2405 529 2486 Suscipere
558 2416 621 2468 tam
648 2405 834 2482 inimicitias,
862 2427 918 2470 seu
946 2406 1049 2487 patris
1079 2427 1137 2470 seu

196 2507 367 2590 propinqui,
383 2527 477 2590 quam
498 2505 658 2582 amicitias
674 2527 803 2570 necesse
819 2519 888 2569 est:
911 2528 970 2570 nec
991 2506 1136 2589 implaca-

197 2608 274 2672 biles
296 2608 416 2672 durant.
461 2606 574 2672 Luitur
601 2610 683 2671 enim
712 2609 805 2672 etiam
830 2608 1031 2672 homicidium
1052 2621 1136 2672 certo

197 2720 401 2772 armentorum
429 2730 468 2772 ac
495 2727 642 2790 pecorum
678 2730 816 2785 nurnero,
844 2709 1013 2792 recipitque
1047 2711 1135 2772 satis·

196 2807 360 2873 factionem
395 2809 539 2872 universa
567 2808 699 2882 domus:
737 2809 851 2872 utiliter
886 2810 918 2871 in
952 2807 1133 2890 publicum3

196 2911 268 2992 quia
288 2909 523 2991 periculosiores
545 2921 617 2972 sunt
644 2911 820 2972 inimicitiae
846 2911 932 2994 juxta
953 2911 1134 2974 libertatem.

199 3008 400 3073 Convictibus
422 3023 454 3074 et
474 3009 615 3094 hospitiis
637 3031 698 3072 non
712 3011 772 3073 alia
785 3033 862 3095 gens
884 3012 1014 3076 effusius
1036 3011 1136 3076 indul·

133 3110 138 3120 '
196 3120 259 3192 get.
313 3108 542 3192 Quemcunque
575 3111 751 3176 mortalium
786 3133 898 3176 arcere
925 3126 1025 3188 tecta.
1048 3111 1135 3174 nefas

196 3209 344 3272 habetur:
366 3231 422 3290 pro
436 3209 556 3272 fortuna
570 3211 701 3295 quisquc
724 3214 875 3294 apparatis
890 3214 990 3298 epulis
1012 3212 1135 3290 excipit.

198 3309 283 3373 Cum
309 3309 461 3386 defecere,
483 3312 537 3393 qui
564 3312 656 3374 modo
684 3313 797 3394 hospes
825 3313 933 3389 fuerat,
955 3321 1136 3374 monstrator

196 3409 320 3495 hospitii
348 3422 380 3474 et
408 3431 537 3475 comcs:
573 3415 742 3493 proximam
769 3414 897 3476 domum
924 3433 985 3474 non
1019 3409 1135 3474 invitati

196 3513 327 3578 adeunt:
360 3534 419 3576 nec
448 3514 573 3576 interest
586 3535 599 3596 3¹
626 3517 691 3596 pari
718 3515 905 3578 humanitate
934 3512 1135 3592 accipiuntur.

196 3610 315 3680 Notum
336 3616 548 3698 ignotumque,
570 3629 725 3699 quantum·
740 3615 780 3678 ad
804 3615 856 3699 jus
881 3613 1019 3694 hospitis,
1042 3635 1135 3678 nemo
1158 3672 1160 3677 .

199 3713 348 3778 discernit.
407 3716 552 3811 obeunti,
582 3719 609 3780 si
638 3717 712 3800 quid
748 3716 930 3800 poposcerit,
967 3715 1133 3778 concedere
