2766 4306
572 408 741 451 remcort.
1090 393 1128 447 ott

193 569 224 620 at
237 553 411 620 libertatem
432 577 491 618 non
513 557 544 618 in
565 556 781 636 poenitentiam
799 553 899 631 laturi,
915 556 1013 637 primo
1028 557 1128 625 statim

193 653 363 740 congressu
398 678 496 720 nonne
531 656 738 734 ostendamus,
753 649 846 740 'quos
875 657 934 721 sibi
963 656 1129 722 Caledonia

193 760 274 823 viros
297 757 489 838 seposuerit?
532 759 582 821 An
604 759 733 848 eandem
756 757 905 822 Romanis
927 759 959 823 in
976 759 1057 822 bello
1071 760 1128 822 vi·

194 870 300 934 tutem,
317 880 410 940 quarn
425 859 455 921 in
470 879 547 942 paee
561 857 719 921 lasciviam
734 858 846 948 adesse,
858 859 981 923 creditis
994 858 1025 922 Ψ
1096 783 1144 956 33

233 955 364 1019 XXXII.
388 958 540 1022 “Nostris
569 958 612 1022 illi
637 959 879 1024 dissensionibus
908 945 945 1024 ae
970 960 1128 1025 discordiis

192 1059 274 1137 clari,
289 1061 363 1124 vitia
385 1059 519 1124 hostium
541 1061 572 1122 in
593 1060 721 1144 gloriam
743 1065 894 1126 exercitus
917 1065 965 1127 sni
987 1075 1129 1127 vertunt:

189 1161 284 1244 quem
305 1173 497 1224 contractum
512 1181 550 1223 ex
563 1160 782 1226 diversissimis
803 1165 956 1247 gentibus,
973 1177 1007 1228 ut
1021 1185 1117 1226 secun

189 1261 248 1325 dae
270 1281 320 1323 res
342 1273 456 1336 tenent,
472 1263 513 1324 ita
528 1261 674 1325 adversae
696 1262 882 1327 dissolvent:
906 1265 965 1327 nisi
981 1265 1007 1327 si
1023 1265 1129 1327 Gallos

190 1373 222 1424 et
238 1358 412 1424 Germanos
433 1373 464 1425 et
478 1362 586 1443 (pudet
608 1364 707 1444 dictu)
722 1363 936 1428 Britannorum
957 1364 1129 1448 plerosque,

191 1462 265 1526 licet
278 1461 472 1526 dominationi
496 1464 612 1528 alienae
635 1467 816 1550 sanguinem
838 1465 1041 1542 commodent,
1056 1466 1130 1546 diu·

191 1563 252 1626 tius
275 1575 390 1626 tamen·
403 1563 507 1628 hostes
521 1587 615 1649 quam
640 1587 753 1641 servos,
769 1565 830 1630 fide
852 1579 884 1630 et
897 1567 1009 1632 affectu
1034 1569 1130 1631 teneri
1172 1559 1177 1572 ’

191 1664 322 1746 putatis:
346 1677 447 1728 metus
462 1678 494 1729 et
508 1679 603 1729 terror
623 1679 680 1742 est,
696 1668 815 1730 infirma
829 1668 951 1732 vincula
973 1670 1128 1733 caritatis.

191 1787 269 1848 quae
293 1767 544 1855 nbiremoveris,
560 1767 613 1850 qui
635 1769 742 1831 timere
756 1768 910 1846 desierint,
928 1769 1030 1834 odisse
1054 1771 1129 1834 inci·

191 1869 286 1951 pient.
331 1868 443 1932 Omnia
464 1870 608 1932 victoriae
631 1870 826 1934 incitamenta
848 1872 1012 1955 pronubis
1038 1878 1129 1935 sunt:

192 1969 293 2031 nullae
317 1968 475 2032 Romanos
499 1969 645 2054 conjuges
670 1970 859 2048 accendunt;
889 1972 964 2035 nulli
991 1987 1130 2053 parentes

193 2067 297 2152 fugam
320 2071 527 2152 exprobraturi
551 2082 641 2147 sunt3
665 2083 718 2134 aut
740 2071 824 2134 nulla
846 2072 1000 2154 plerisque
1023 2074 1129 2154 patria,

192 2183 246 2233 aut
271 2171 333 2233 alia
361 2183 419 2233 est.
472 2170 597 2232 Paucos
625 2191 763 2245 numero,
793 2171 926 2251 trepidos
954 2171 1130 2253 ignorantia,

191 2269 315 2331 coelum
341 2270 444 2352 ipsum
470 2291 506 2330 ae
529 2289 612 2332 mare
638 2281 670 2332 et
695 2269 797 2345 silvas,
820 2271 923 2351 ignota
949 2271 1050 2332 omnia
1076 2273 1130 2344 cir·

191 2380 450 2448 cumspectantes,
478 2369 599 2432 clausos
629 2369 853 2456 quodammodo
881 2391 917 2434 ac
945 2371 1063 2434 vinctos
1089 2371 1131 2436 dii

192 2470 280 2533 nobis
302 2468 498 2534 tradiderunt.
542 2469 592 2533 Ne
615 2483 725 2534 terreat
745 2493 841 2534 vanus
863 2483 1006 2553 aspectus
1022 2485 1053 2536 et
1066 2482 1131 2557 auri

193 2571 292 2654 fulgor
306 2582 397 2654 atque
412 2574 538 2655 argenti,
554 2573 637 2655 quod
658 2595 758 2656 neque
778 2573 853 2656 tegit
867 2595 966 2657 neque
982 2573 1130 2639 vulnerat.

194 2695 229 2736 ,η
258 2674 326 2754 ipsa
360 2673 494 2758 hostium
528 2676 595 2738 acie
624 2675 814 2748 inveniemus
846 2689 965 2738 nostras
1001 2697 1130 2739 manus:

131 2785 144 2804 ⁴
197 2788 360 2857 agnoscent
396 2773 533 2856 Britanni
573 2799 663 2840 suam
699 2798 849 2839 causam:
894 2777 1132 2841 recordabuntur

197 2873 278 2937 Gatn
305 2877 438 2956 priorem
458 2876 651 2940 libertatem:
680 2877 822 2939 deserent
848 2876 916 2939 illos
939 2878 1032 2940 ceteri
1056 2876 1133 2940 Ger-

195 2977 286 3052 mani,
301 2989 446 3059 tanquam
468 2997 566 3058 nuper
589 2976 691 3059 Usipii
712 2977 909 3059 reliquerunt.
953 2976 1024 3040 Nec
1046 2979 1133 3061 quid·

195 3097 288 3158 quam
330 3075 410 3138 ultra
452 3076 646 3138 formidinis:
700 3061 823 3142 vacua¹
844 3079 978 3151 castella,
1024 3101 1132 3142 senum

195 3175 343 3250 coloniae,
373 3177 451 3238 inter
484 3177 565 3238 male
601 3189 740 3256 parentes
770 3191 800 3240 ct
835 3178 946 3262 injuste
983 3181 1133 3263 imperan-

196 3287 243 3338 tes
272 3295 364 3358 aegra
392 3275 559 3356 municipia
586 3290 616 3339 et
645 3277 869 3354 discordantia:
903 3279 953 3342 hie
982 3280 1053 3353 dux,
1084 3279 1133 3342 hic

195 3375 367 3439 exercitus:
397 3376 440 3438 ibr
463 3377 628 3441 tributaet
652 3379 775 3442 metalla
798 3393 829 3442 et
855 3394 975 3442 ceterae
1002 3379 1133 3442 servien-

196 3461 273 3540 tium
293 3497 433 3556 poenae:
457 3499 534 3558 quas
557 3479 587 3540 in
612 3491 769 3542 aeternum
794 3479 928 3560 perferre
954 3491 1006 3540 aut
1033 3479 1133 3546 statim

197 3577 301 3639 ulcisci
325 3577 355 3655 in
378 3577 437 3639 hoc
457 3599 567 3662 campo
589 3591 646 3642 ost.
690 3579 822 3643 Proinde
845 3580 915 3642 ituri
938 3580 968 3642 in
991 3581 1090 3642 aciem
1105 3593 1134 3646 et

197 3678 323 3762 majores
338 3691 456 3757 vestros
471 3690 501 3740 et
515 3692 654 3763 posteros
675 3679 836 3764 cogitate.'‘

235 3774 565 3912 XXXIll4Exeepere
591 3783 756 3844 orationem
784 3781 910 3856 alacres,
938 3794 972 3844 ut
998 3781 1133 3846 barbarie
1219 3767 1220 3771 Ἰ
