2730 4308
245 338 283 398 48
456 325 462 338 ⁸
570 356 600 397 c.
624 353 721 398 oonn.
745 354 856 398 riorrr

242 503 326 581 tium
340 502 561 583 exemplorum.
604 502 670 568 Sed
691 503 791 588 primo
806 502 939 566 Cerialis
963 503 1187 570 labores-modo

241 616 272 666 et
293 604 478 680 discrimina,
502 626 574 668 mox
595 618 627 668 et
647 602 776 689 gloriam
802 605 1068 668 communicabat:
1093 627 1186 686 saepo

240 706 316 788 parti
335 706 488 768 exercitus
511 707 543 768 in
564 708 817 788 experimentum,
834 705 998 788 aliquando
1019 705 1185 790 majoribus

240 807 337 891 copiis
360 827 400 869 ex
421 819 533 871 eventu
558 807 725 892 praefecit:
748 829 807 871 neo
828 807 974 891 Agricola
996 829 1134 890 unquam
1155 809 1185 872 in

241 929 330 972 suam
343 906 458 972 samam
471 910 569 992 gestis
584 909 766 985 exsultatu
790 909 830 972 ed
844 921 1002 974 auctorem
1016 922 1047 972 et
1062 909 1183 985 ducem,

240 1021 275 1072 ut
296 1009 445 1087 minister,
468 1010 622 1074 fortunam
644 1009 818 1074 referebat:
841 1011 884 1084 ita
906 1012 1016 1074 virtute
1040 1013 1071 1074 in
1097 1011 1184 1076 obse·

241 1110 371 1194 quendo,
400 1111 586 1176 verecundia
613 1113 645 1175 in
694 1112 887 1190 raedicando,
918 1127 1002 1178 extra
1027 1113 1184 1188 invidiam,

212 1224 215 1231 '
241 1235 297 1276 uec
312 1226 396 1277 extra
409 1214 539 1297 gloriam
557 1226 631 1277 erat.
663 1134 740 1321 dg(

280 1313 341 1380 IX.
364 1314 585 1380 Revertentem
607 1317 645 1379 ab
668 1317 821 1402 legatione
843 1317 974 1402 legionis
995 1318 1086 1382 divus
1107 1317 1184 1380 Ves-

242 1418 385 1501 pasianus
408 1419 487 1481 inter
508 1419 651 1502 patricios
672 1421 790 1496 ascivit,
814 1441 851 1482 ac
872 1419 983 1482 deindo
1009 1421 1184 1503 provinciae

242 1518 423 1600 Aquitaniae
445 1521 630 1600 praeposuit,
648 1519 825 1602 splendidae
848 1521 879 1582 in
900 1519 1007 1600 primis
1028 1519 1185 1602 dignitatis

241 1617 499 1682 administratione
536 1643 573 1684 ao
610 1643 665 1706 spe
702 1621 890 1695 consulatue,
921 1620 971 1684 cui
1008 1619 1185 1684 destinarat.

242 1719 381 1786 Credunt
416 1719 554 1804 plerique
591 1722 773 1786 militaribus
810 1722 941 1804 ingeniis
985 1721 1185 1786 subtilitatem

241 1821 359 1898 deesse,
383 1823 456 1905 quia
477 1824 642 1888 cestrensis
667 1823 840 1906 jurisdictio
866 1845 975 1886 secura
996 1835 1027 1886 et
1046 1823 1185 1900 obtusior

241 1945 275 1985 ac
298 1922 386 2008 plura
407 1945 502 1987 manu
523 1945 619 2008 agens
645 1909 842 1988 calliditatem
864 1924 922 1988 sori
944 1945 1005 1988 non
1033 1936 1185 1988 exerceat.

241 2025 385 2109 Agricola
412 2025 542 2090 naturali
570 2025 741 2108 prudentia,
772 2027 913 2110 quemvis
941 2027 1020 2092 inter
1054 2038 1185 2110 togatos,

240 2125 328 2192 facile
353 2129 499 2213 justeque
527 2128 649 2213 agebat.
692 2126 764 2192 Jam
786 2149 858 2192 uero
879 2141 1017 2211 tempora
1042 2151 1185 2194 curarum

239 2229 518 2314 remissionumque
533 2231 651 2296 divisa:
676 2231 729 2307 ubi
744 2243 913 2300 conventus
928 2253 966 2294 ec
982 2229 1099 2316 judicia
1113 2251 1185 2314 pos·

239 2345 352 2408 cerent,
381 2334 494 2415 gravis,
524 2335 669 2410 intentus,
701 2355 839 2411 severus,
862 2346 893 2397 et
915 2335 1041 2418 saepius
1066 2332 1184 2396 miscri-

240 2454 334 2509 cors;
371 2433 426 2496 ubi
462 2433 564 2495 officio
601 2434 803 2510 satisfactum,
832 2434 917 2497 nulla
945 2435 1024 2498 ultra
1052 2447 1184 2514 potesta-

241 2535 278 2596 tis
307 2554 460 2613 persona:
496 2534 652 2597 tristitiam
679 2546 711 2596 et
738 2535 940 2617 arrogantiam
968 2546 998 2598 et
1027 2537 1185 2599 avaritiam

240 2646 384 2712 eruerat:
414 2655 473 2696 nec
495 2632 550 2709 illi,
572 2633 656 2716 quod
678 2645 726 2696 est
752 2635 954 2710 rarissimum,
978 2647 1031 2698 aut
1053 2634 1184 2701 facilitas

240 2736 452 2799 auctoritatem
466 2747 520 2798 aut
537 2736 684 2800 severitas
699 2755 837 2808 amorem
850 2735 1010 2800 deminuit.
1055 2736 1185 2822 Integri-

240 2850 334 2900 tatem
356 2849 447 2921 atque
470 2836 686 2910 abstinentiam
708 2839 740 2902 in
760 2850 844 2902 tanto
858 2839 923 2901 viro
936 2838 1059 2915 referre,
1076 2839 1184 2923 injuria

240 2939 386 3002 virtutum
402 2939 502 3003 fuerit.
548 2939 598 3006 Ne
609 2939 729 3004 damam
743 2939 880 3024 quidem,
896 2941 947 3003 cui
973 2941 1067 3004 etiam
1091 2961 1184 3022 saepe
1267 2925 1270 2930 ¹

241 3041 312 3103 boni
348 3041 516 3125 indulgent,
546 3042 727 3108 ostentanda
761 3043 883 3136 virtute,
912 3055 966 3105 aut
997 3064 1052 3123 per
1087 3055 1185 3106 ortem

241 3143 410 3226 quaesivit:
436 3143 543 3225 procul
569 3144 607 3208 ab
630 3144 835 3208 aemulatione
863 3144 1011 3207 adversus
1037 3141 1187 3228 collegas,

241 3246 381 3330 procula
394 3247 586 3309 contentione
608 3245 755 3310 adsersus
779 3258 1000 3326 procuratores,
1017 3258 1048 3308 et
1061 3247 1183 3309 uincere

254 3348 413 3432 oglerium,
444 3361 476 3410 et
503 3349 591 3411 atteri
620 3345 777 3410 sordidum
813 3347 1024 3410 arbitrabatur.
1077 3347 1183 3410 Minus
1241 3387 1244 3394 -

242 3451 405 3514 triennium
419 3451 450 3512 in
465 3471 504 3512 ea
524 3449 676 3532 legatione
698 3447 840 3511 detentus
862 3470 899 3512 ac
921 3450 1024 3512 statim
1039 3448 1078 3511 ad
1095 3469 1183 3532 spem

243 3552 418 3614 consulatus
447 3569 608 3615 reuocatus
632 3568 688 3626 est,
713 3562 877 3614 comrtante
899 3551 1040 3631 opinione
1064 3548 1182 3613 Britan·

243 3652 324 3715 uiam
339 3653 367 3714 ei
382 3653 569 3732 provinciam
584 3651 649 3714 dari
672 3651 764 3715 nullis
779 3653 810 3715 in
826 3651 884 3716 hoc
900 3653 964 3715 suis
980 3651 1173 3716 sermonibus

243 3751 297 3814 sed
323 3754 396 3834 quia
423 3775 478 3832 par
503 3753 672 3816 videbatur.
717 3752 812 3816 Haud
842 3775 964 3836 semper
989 3765 1067 3816 errat
1093 3752 1174 3816 sama
