2730 4308
527 361 568 404 ns
593 363 763 408 oenurnru
1081 353 1122 411 25

184 504 263 588 ignis
277 503 458 580 remedium,
473 504 537 568 sive
553 505 673 568 inscitia
688 503 868 569 aedificandi
915 502 947 567 N
949 525 966 567 e
981 525 1121 568 caemen-

129 641 130 645 =
183 617 283 670 torum
298 605 425 689 quidem
439 605 521 687 apud
535 605 604 669 illos
618 619 673 670 aut
685 606 859 692 tegularum
873 627 972 670 usus:
996 608 1121 670 materia
1144 662 1149 671 .

182 707 222 770 ad
245 708 347 771 omnia
369 720 495 770 utuntur
516 707 638 771 informi
653 720 684 771 et
698 709 773 772 citra
795 709 932 794 speciem
954 707 1121 772 autdelec·

183 809 339 872 tationem.
383 807 547 884 Quaedam
568 808 637 871 loca
651 809 828 894 diligentius
850 809 972 874 illinunt
986 823 1066 874 terra
1080 811 1122 873 ita

182 931 260 992 pura
273 930 310 973 ac
324 909 514 992 splendente,
527 920 562 972 ut
571 910 722 991 picturam
736 931 774 973 ac
788 911 971 975 lineamenta
985 911 1122 975 colorum

183 1011 328 1076 imitetur.
373 1009 481 1073 Solent
495 1009 754 1090 etjsubterraneos
777 1032 890 1093 specus
912 1012 1039 1092 aperire,
1054 1032 1122 1074 eos-

183 1133 243 1196 que
276 1099 374 1175 multo
407 1113 534 1197 insuper
561 1111 635 1174 fimo
664 1125 798 1190 onerant,
814 1113 1000 1196 suffugium
1027 1112 1122 1176 hiemi
1172 1137 1173 1142 ¹

183 1225 215 1276 et
241 1212 472 1294 receptaculum
500 1211 666 1297 frugibus:
703 1215 776 1297 quia
809 1215 943 1298 rigorem
975 1213 1123 1298 frigorum

184 1314 336 1400 ejusmodi
356 1314 435 1377 locis
449 1313 608 1377 molliunt:
631 1326 672 1390 et,
686 1314 851 1398 siquando
872 1314 969 1378 hostis
991 1315 1122 1391 advenit,

184 1425 290 1498 aperta
310 1413 482 1495 populatur,
504 1413 606 1478 abdita
634 1426 738 1478 autern
759 1427 791 1478 et
811 1415 935 1478 defossa
963 1429 1016 1479 aut
1038 1416 1124 1500 igno·

184 1527 297 1591 rantur,
314 1527 368 1578 aut
381 1535 418 1577 eo
432 1515 499 1596 ipso
514 1514 631 1593 fallunt,
648 1515 731 1600 quod
744 1517 919 1601 quaerenda
933 1529 1014 1581 sunt.

226 1614 334 1679 XVII.
357 1615 522 1702 Tegumen
550 1617 692 1681 omnibus
722 1628 842 1704 sagum,
870 1619 975 1695 fibula,
1005 1631 1068 1695 aut,
1096 1621 1123 1682 si

185 1717 274 1793 desit,
291 1717 377 1798 spina
388 1712 593 1783 consertum:
617 1731 719 1782 cetera
740 1720 844 1784 intecti
859 1733 937 1784 totos
952 1722 1019 1785 dies
1037 1721 1125 1805 juxta

188 1819 288 1882 focum
303 1831 395 1902 atque
417 1819 522 1903 ignem
543 1831 648 1903 agunt.
693 1818 943 1903 Locupletissimi
958 1835 1044 1886 veste
1062 1822 1123 1885 dis·

186 1921 375 2003 tinguuntur,
395 1941 457 1983 non
484 1919 632 1997 fluitante,
654 1903 736 1985 sicut
757 1923 917 1988 Sarmatae
941 1946 978 1987 ac
1006 1923 1122 1998 Parthi,

187 2007 243 2086 sed
268 2023 372 2086 stricta
393 2034 424 2084 et
446 2021 582 2106 singulos
604 2035 688 2086 artus
710 2025 909 2106 exprimente.
953 2025 1076 2088 Gerunt
1094 2039 1124 2088 et

187 2122 319 2187 ferarum
340 2122 448 2207 pelles,
473 2124 603 2203 proximi
631 2124 717 2208 ripae
741 2125 940 2208 negligenter,
966 2125 1124 2188 ulteriores

187 2224 379 2306 exquisitius,
402 2235 437 2286 ut
457 2223 570 2305 quibus
598 2223 702 2285 nullus
729 2244 786 2304 per
806 2224 991 2287 commercia
1012 2225 1124 2288 cultus,

187 2323 318 2406 Elignnt
331 2321 422 2397 feras,
446 2335 478 2384 et
498 2321 635 2384 detracta
650 2321 802 2386 velamina
824 2336 971 2409 spargunt
995 2324 1125 2388 maculis
1174 2364 1177 2376 ‚

167 2405 381 2507 'pellibusque
402 2421 583 2500 belluarum,
606 2444 684 2506 quas
714 2425 844 2488 exterior
865 2424 1015 2489 Oceanus·
1033 2437 1126 2509 atque

187 2525 326 2608 ignotum
346 2545 430 2588 mare
451 2524 559 2608 gignit.
602 2523 673 2588 Nec
694 2525 773 2589 alius
794 2525 918 2591 seminis
938 2549 1031 2611 quam
1051 2528 1126 2591 viris

188 2625 319 2703 habitus,
341 2627 401 2690 nisi
428 2624 511 2710 quod
531 2625 664 2690 feminae
693 2629 815 2710 saepius
844 2628 933 2692 lineis
962 2629 1126 2692 amictibus

188 2728 334 2804 velantur,
354 2749 469 2812 eosque
490 2731 626 2814 purpura
646 2729 772 2806 variant,
794 2743 975 2814 partemque
995 2733 1126 2794 vestitus

189 2826 353 2910 superioris
367 2829 400 2892 in
412 2830 550 2892 manicas
565 2851 627 2892 non
646 2829 821 2906 extendunt,
837 2831 937 2894 nudae
952 2831 1076 2896 brachia
1090 2854 1127 2896 ac

190 2929 338 2992 lacertos:
362 2928 418 2992 sed
432 2941 463 2991 et
475 2930 614 3010 pronima
626 2951 697 3010 pars
711 2931 843 3012 pectoris
858 2944 954 3013 patet.

232 3028 355 3093 XVIII.
386 3029 585 3113 Quanquam.
600 3051 709 3094 severa
736 3031 800 3095 illic
827 3033 1020 3098 matrimonia
1032 3056 1041 3113 ;
1070 3057 1128 3098 nec

135 3157 138 3162 ·
192 3130 286 3193 ullam
306 3151 427 3193 morum
454 3143 573 3211 partem
601 3132 702 3214 magis
727 3129 919 3198 'auda'verisz
942 3157 1012 3200 narn
1034 3157 1128 3219 prope

193 3230 250 3294 soli
269 3228 466 3293 barbarorum
495 3230 626 3314 singulis
649 3232 797 3296 uxoribus
818 3237 952 3299 contenti
974 3249 1054 3312 sunt,
1078 3257 1128 3298 ex-

190 3331 289 3413 ceptis
325 3329 490 3394 admodum
524 3332 644 3412 paucis,
671 3334 724 3416 qui
752 3354 812 3397 non
840 3334 976 3412 libidine,
1006 3336 1060 3398 sed
1091 3336 1127 3399 ob

191 3430 390 3506 nobilitatem,
408 3429 549 3516 plurimis
570 3434 684 3514 nuptiis
706 3434 890 3498 ambiuntur.
935 3433 1049 3499 Dotem
1070 3457 1130 3498 non

193 3555 269 3597 uxor
292 3533 421 3622 marite,
451 3532 506 3596 sed
541 3535 627 3597 uxori
663 3535 789 3598 maritus
811 3535 924 3598 offert.
976 3535 1131 3602 Intersunt

194 3646 333 3721 parentes
360 3645 391 3696 et
417 3633 588 3717 propinqui,
611 3657 649 3698 ac
676 3655 804 3698 munera
828 3635 975 3717 probant:
1005 3659 1132 3702 munera

194 3755 254 3799 non
275 3735 314 3798 ad
335 3734 462 3797 delicias
483 3735 650 3799 muliebres
673 3736 821 3811 quaesita,
843 3757 901 3799 nee
921 3738 1033 3818 quibus
1054 3758 1132 3804 nora
