2766 4306
271 380 311 438 34
593 396 624 437 c.
647 394 743 438 noan.
766 392 876 439 rtcrrr

271 544 375 623 moris,
389 554 480 608 cantu
495 554 526 606 ct
540 541 664 608 fremitu
677 541 924 624 clamoribusque
939 541 1082 608 dissonis.
1122 541 1196 610 laur

270 665 332 726 que
373 644 506 728 agmina,
549 655 581 706 et
622 663 776 708 armorum
816 642 952 726 fulgores
996 643 1208 710 audentissim'.

270 743 420 828 cujusque
448 764 616 825 procursu:
636 743 738 817 ‚simul
760 743 986 808 instruebantur
1006 745 1112 808 acies:
1135 767 1207 812 eum

273 845 424 928 Agricola,
441 866 616 928 quanquam
635 845 751 910 laetum
766 855 797 908 et
811 845 861 908 rix
881 845 1078 910 munimentis
1094 848 1207 910 coerci-

271 960 337 1011 tum
372 947 502 1012 militem
537 946 722 1022 adhortatus,
757 946 797 1010 ita
832 946 1000 1012 disseruit:
1038 947 1208 1011 “Octavus

270 1062 447 1124 nunus-est,
469 1048 704 1124 commilitones,
726 1069 766 1112 ex
786 1069 849 1131 quo
869 1049 981 1112 virtute
1001 1060 1035 1114 et
1062 1049 1208 1130 auspiciis

270 1151 389 1232 imperii
416 1149 550 1216 Romani
572 1149 631 1214 fide
654 1161 746 1232 atque
776 1170 869 1232 opera
894 1161 996 1212 restra
1019 1148 1208 1214 Britanniam

270 1253 404 1318 vicistis:
428 1264 472 1318 tot
486 1251 740 1334 expeditionibus,
755 1263 802 1314 tot
813 1249 948 1332 proeliis,
961 1271 1018 1314 reu
1032 1251 1207 1316 fortitudine

270 1354 417 1422 adversus
430 1353 541 1418 hostes
550 1374 606 1416 sau
622 1353 767 1437 patientia
782 1351 937 1417 aelabore
950 1373 1048 1432 paene
1061 1351 1211 1416 adversus

270 1456 369 1534 ipsam
396 1475 499 1518 rerum
525 1467 666 1519 naturam
694 1474 772 1538 opus
794 1452 861 1528 luit,
884 1473 985 1536 neque
1006 1475 1057 1518 rue
1078 1453 1211 1518 militurn

212 1560 218 1572 '
271 1575 369 1638 neque
384 1576 439 1618 ros
454 1554 542 1620 ducis
556 1556 715 1635 poenituit.
756 1553 842 1638 Ergo
856 1555 984 1638 egressi,
999 1575 1059 1638 ego
1072 1567 1211 1618 retemm

271 1655 451 1738 legatorum,
476 1676 531 1718 uos
557 1655 692 1739 priorum
722 1657 913 1720 exercituum
937 1657 1093 1731 terminos,
1117 1655 1211 1720 finem

271 1755 446 1822 Britanniae
467 1777 529 1820 non
542 1755 625 1822 fama
646 1777 704 1822 nec
725 1778 857 1834 rumore,
873 1757 929 1822 sed
950 1758 1057 1823 castris
1073 1770 1104 1820 et
1118 1759 1211 1822 armis

272 1869 424 1922 tenemus.
468 1856 594 1922 inuento
628 1856 785 1922 Britannia
813 1873 844 1922 et
872 1859 1010 1926 subactu.
1053 1857 1209 1942 Equidem

271 1980 363 2039 saepe
401 1959 433 2021 in
467 1959 599 2042 agmine,
629 1980 702 2022 cunr
728 1981 784 2023 ros
820 1959 949 2044 paludes
984 1973 1142 2024 montesve
1178 1973 1209 2022 et

272 2061 400 2127 flumina
427 2059 599 2143 fatigarent,
622 2060 780 2125 fortissimi
809 2061 960 2146 cujusque
985 2082 1079 2125 vocer
1107 2061 1211 2124 audie·

272 2163 353 2239 bam,
370 2161 503 2238 Quando
517 2162 638 2228 dabitur
658 2161 766 2236 hostis,
780 2162 901 2245 quando
915 2161 1022 2226 acies'l
1065 2160 1210 2238 Veniunt,

272 2287 290 2328 e
312 2265 435 2330 latebris
465 2265 530 2330 suis
559 2264 696 2330 extrusi:
720 2276 753 2328 et
772 2276 842 2328 vota
862 2264 1021 2347 virtusque
1043 2265 1075 2327 in
1096 2277 1210 2345 aperto,

273 2367 435 2449 omniaque
480 2387 575 2445 prona
617 2365 793 2440 victoribus,
836 2377 928 2448 atque
971 2364 1080 2428 eadem
1121 2365 1211 2427 uictis

273 2466 409 2528 adverse.
454 2463 546 2540 Num,
570 2477 604 2528 ut
626 2486 788 2546 superasse
817 2477 936 2530 tantum
964 2466 1090 2541 itineris,
1118 2465 1211 2528 silvas

273 2565 418 2640 evasisse,
448 2565 593 2628 mansisse
622 2567 776 2628 aestuaria
800 2565 965 2651 pulchrum
997 2587 1034 2629 ae
1064 2565 1211 2630 decorum

274 2668 304 2728 in
337 2664 491 2741 frontem;
529 2666 571 2728 ita
601 2664 789 2748 fugientibus
825 2668 1095 2748 periculosissima,
1131 2687 1211 2749 quae
1247 2737 1252 2748 ,

273 2765 676 2848 hodieprosperrimasunt.
720 2766 832 2851 Neque
855 2769 937 2832 enim
959 2769 1047 2832 nobis
1062 2780 1115 2832 aut
1128 2767 1210 2830 loco-

274 2889 342 2931 rum
357 2867 465 2932 eadem
479 2869 585 2932 notitia
606 2881 659 2934 aut
673 2874 902 2934 commeatuum
926 2869 1033 2932 eadem
1055 2867 1211 2931 abnndan-

275 2970 336 3034 tia:
360 2968 413 3032 sed
441 2990 550 3032 manus
573 2981 604 3033 ct
625 2990 709 3035 arma
730 2981 762 3034 et
782 2970 813 3032 in
835 2969 883 3034 his
909 2971 1020 3034 omnia.
1065 2967 1158 3042 Quod
1173 2967 1212 3030 ad

244 3074 246 3080 '
274 3092 323 3138 me
351 3071 469 3144 attinet,
494 3064 702 3154 jampridem
732 3069 808 3134 mihi
836 3070 993 3134 decretum
1022 3083 1079 3144 ost,
1109 3087 1211 3151 neque

273 3173 425 3236 exercitus
453 3192 555 3254 neque
576 3171 665 3235 ducis
693 3184 779 3254 terga
807 3184 872 3234 tuta
900 3193 981 3234 asse.
1023 3169 1156 3234 Proinde
1183 3181 1211 3232 et

275 3275 401 3338 honesta
428 3294 511 3336 mors
540 3273 620 3352 turpi
647 3273 710 3336 rita
737 3273 857 3357 putior;
895 3271 1147 3336 ct‘incolnmitas
1176 3290 1212 3332 ac

275 3377 369 3440 decus
391 3375 502 3440 eodem
522 3374 592 3438 loco
614 3374 672 3436 sita
694 3387 786 3437 aunt:
810 3396 867 3436 nec
888 3374 1051 3458 inglorium
1065 3373 1167 3447 fuerit,
1181 3373 1212 3434 iu

275 3478 341 3558 ipso
356 3490 503 3540 terrarum
517 3497 554 3538 ac
569 3486 693 3538 naturae
708 3474 768 3538 line
784 3475 964 3540 cecidisse.”
1147 3461 1149 3466 ⁵

315 3573 459 3637 XXXIV.
483 3576 549 3640 “Si
564 3596 660 3638 novae
682 3588 789 3661 gentes
812 3589 902 3660 atque
919 3579 1022 3660 ignota
1043 3576 1127 3638 acies
1142 3594 1199 3635 con

276 3678 413 3752 stitisset,
438 3678 566 3740 aliomm
588 3679 779 3740 exercituum
807 3678 955 3759 exemplis
977 3699 1033 3740 ros
1061 3676 1197 3740 hortarer

278 3791 357 3838 nunc
379 3789 481 3848 restra
494 3777 605 3840 decora
629 3790 797 3848 recensete,
813 3791 931 3840 vestros
958 3778 1064 3842 oculos
1090 3778 1209 3839 interro
