2730 4308
232 331 271 390 at
539 345 569 386 c.
593 343 690 387 contr.
712 343 848 386 ructans

230 515 296 571 seu,
323 492 469 577 quicquid
493 491 608 574 ubique
633 490 832 575 magnificum
857 502 913 567 est,
940 489 973 552 in
997 490 1165 556 claritatem

230 594 297 678 ejus
310 592 423 656 referre
443 592 667 656 consensimus.
711 590 781 654 Nec
794 590 893 654 defuit
906 590 1049 654 audentia
1062 590 1166 654 Druso

231 693 436 756 Germanico:
459 691 515 756 sed
537 692 652 755 obstitit
668 691 812 754 Oceanus
827 692 859 755 in
873 712 906 754 se
922 691 1015 754 simui
1030 703 1121 774 atque
1135 692 1166 754 in

232 794 402 860 Herculem
422 794 544 876 inquiri.
590 791 666 855 Mox
686 813 777 855 nemo
799 792 947 869 tentavit3
970 795 1167 878 sanctiusque

152 979 157 986 ἰ
230 907 268 960 ee
292 895 480 960 reverentius
502 894 613 970 risum,
628 892 667 956 de
682 893 759 956 actis
773 893 901 956 deorum
923 892 1058 969 credere,
1073 903 1166 976 quarn

231 997 320 1062 scire.
345 1042 347 1046 -

272 1093 403 1160 XXXV.
426 1097 586 1162 Hactenus
601 1096 634 1160 in
649 1095 850 1160 Occidentem
866 1094 1065 1159 Germaniam
1083 1099 1168 1160 novi·

231 1219 312 1264 mus.
349 1197 385 1264 In
401 1197 645 1280 Septentrionem
660 1196 776 1282 ingenti
786 1195 869 1260 flexu
883 1195 971 1262 redit.
1008 1197 1056 1260 Ac
1070 1197 1168 1277 primo

232 1300 333 1362 statim
358 1297 556 1362 Chaucorum
576 1319 664 1382 gens,
679 1317 855 1380 quanquam
876 1296 1001 1377 incipiat
1021 1317 1040 1358 a
1060 1293 1168 1360 Frisiis

232 1421 268 1464 ac
297 1413 415 1485 partem
441 1400 550 1462 littoris
580 1410 720 1479 occupet,
749 1383 897 1474 omnium,
927 1417 1004 1480 quas
1030 1399 1167 1479 exposui,

186 1540 187 1543 =
233 1501 372 1582 gentium
396 1499 541 1562 lateribus
564 1488 859 1574 obtenditur,›donec
882 1498 914 1560 in
930 1500 1053 1562 Chattos
1069 1520 1169 1582 usque

234 1601 380 1664 sinuetur.
435 1599 517 1662 Tam
551 1600 738 1662 immensum
765 1612 913 1662 terrarum
949 1599 1082 1680 spatium
1109 1621 1168 1662 non

235 1711 469 1764 tenenttantum
493 1691 623 1777 Chauci,
639 1699 695 1764 scd
715 1712 747 1763 et
768 1700 916 1784 implent:
938 1701 1071 1782 populus
1092 1701 1170 1764 inter

235 1800 407 1864 Germanos
430 1800 650 1876 nobilissimus,
677 1801 791 1884 quique
814 1800 1056 1885 magnitudinem
1081 1822 1169 1864 suam

235 1902 321 1966 malit
341 1901 459 1985 justitia
483 1901 581 1964 tueri:
605 1902 670 1964 sine
693 1901 869 1987 cupiditate,
893 1903 959 1966 sine
981 1903 1168 1984 impotentia,

234 2003 330 2086 quieti
345 2003 526 2086 secretique,
542 2003 626 2066 nulla
639 2016 805 2088 provocant
821 2003 911 2079 bella,
927 2004 1019 2068 nullis
1033 2005 1169 2084 raptibus
1192 2067 1195 2076 ,

234 2115 287 2166 aut
301 2103 465 2168 latrociniis
489 2103 682 2185 populantur.
736 2100 778 2166 Id
815 2089 1017 2185 praecipuum
1049 2104 1169 2167 virtutis

234 2227 271 2268 ac
284 2206 396 2270 virium
417 2217 633 2288 argumentum
653 2217 709 2280 est,
725 2203 817 2288 quod,
832 2219 867 2268 ut
882 2205 1053 2290 superiores
1067 2217 1168 2294 agant,

234 2328 294 2370 non
308 2328 364 2388 per
384 2305 509 2390 injurias
530 2318 745 2389 assequuntur.
788 2304 936 2390 Prompta
957 2317 1060 2368 tamen
1074 2307 1170 2369 omni·

234 2408 293 2469 bus
326 2428 420 2482 arma,
449 2427 496 2482 ac,
526 2407 554 2468 si
580 2427 630 2469 res
665 2418 782 2488 poscat,
811 2407 973 2482 exercitus,
1003 2406 1169 2488 plurimum

236 2509 367 2569 virorum
383 2527 612 2589 equorumque:
636 2519 666 2569 et
680 2508 909 2590 quiescentibus
923 2508 1031 2571 eadem
1046 2507 1138 2570 fama.

163 2603 165 2606 ’
276 2603 421 2667 XXXVI.
471 2606 509 2669 In
557 2607 650 2671 latere
702 2607 900 2671 Chaucorum
935 2610 1170 2692 Chattorumque

238 2707 390 2772 Cherusci
411 2707 537 2770 nimiam
551 2729 587 2772 ac
609 2721 796 2772 marcentem
809 2708 863 2772 diu
883 2731 993 2790 pacem
1014 2709 1170 2772 illacessiti

236 2811 423 2885 nutrierunt;
447 2807 539 2886 idque
557 2809 735 2890 jucundius,
756 2831 849 2894 quam
871 2811 976 2887 tutius,
999 2810 1077 2874 fuit:
1100 2811 1171 2894 quia

237 2917 313 2974 inter
331 2915 516 2992 impotentes
539 2923 570 2974 et
584 2911 700 2974 validos
715 2911 793 2975 falso
816 2911 978 2994 quiescas;
1002 2913 1055 2975 ubi
1078 2933 1171 2975 manu

236 3013 346 3096 agitur,
365 3011 520 3093 ¹modestia
541 3033 577 3076 ac
598 3013 733 3097 probitas
758 3012 882 3076 nomina
904 3013 1068 3096 superioris
1091 3023 1170 3074 sunt.

239 3113 293 3189 Ita,
309 3113 362 3196 qui
378 3113 450 3176 oiim
465 3112 537 3177 boni
559 3114 711 3198 aequique
728 3112 889 3189 Cherusci,
905 3134 988 3177 nunc
1008 3114 1121 3177 inertes
1136 3133 1171 3175 ac

219 3214 320 3300 'stulti
345 3226 511 3277 vocantur:
532 3206 827 3303 Chattisrictoribus
853 3213 973 3277 fortuna
997 3214 1029 3276 in
1054 3215 1160 3295 sapien

238 3318 308 3381 tiam
330 3317 435 3380 cessit.
480 3315 586 3378 Tracti
607 3315 695 3378 ruina
714 3313 943 3378 Cheruscorum
958 3326 989 3378 et
1002 3313 1086 3392 Fosi,
1102 3336 1160 3377 con

237 3419 365 3480 termina
385 3438 472 3500 gens,
488 3414 684 3488 adversarum
705 3436 808 3478 rerum
822 3437 860 3478 ex
875 3437 974 3500 aequo
999 3416 1085 3491 socii,
1101 3435 1169 3478 cnm

237 3520 267 3581 in
283 3518 427 3582 secundis
442 3517 575 3582 minores
589 3515 730 3580 fuissent.

248 3616 435 3680 XXXVII.
487 3617 633 3682 Eundem
676 3617 859 3682 Germaniae
901 3621 1004 3682 sinum
1045 3617 1171 3700 proximi

239 3719 364 3784 Oceano
394 3720 513 3784 Cimbri
541 3733 654 3797 tenent,
669 3742 761 3802 parva
778 3743 860 3784 nunc
875 3722 993 3798 civitas,
1009 3720 1065 3784 sed
1079 3721 1172 3805 gloria
