2730 4308
227 314 265 370 24
543 334 572 374 c.
598 335 695 377 cusu.
719 336 855 378 rncrrus

170 449 172 454 ,
219 473 356 558 plerique
392 472 540 540 nobilium
575 473 818 540 adolescentium
852 487 960 556 petunt
995 475 1074 539 ultro
1104 497 1159 540 eos

219 575 364 656 nationes
387 596 466 657 quae
492 587 559 638 tum
583 574 703 639 bellum
726 575 850 659 aliquod
874 588 1006 660 gerunt;
1029 578 1103 662 quia
1124 591 1165 660 qt*

219 675 336 759 ingrata
356 676 440 760 genti
461 677 560 759 quies,
581 683 618 739 'et'
635 675 756 741 facilius
779 677 856 740 inter
877 678 1032 759 ancipitia.
1045 679 1157 742 clares·

218 787 299 852 cunt,
328 797 536 860 magnumque
572 778 751 840 comitatum
778 800 839 841 non
867 779 926 841 nisi
954 779 985 842 vi
1013 779 1156 864 belloque

218 885 367 942 tuentur:
402 878 529 962 exigunt
545 880 628 942 enim
646 865 795 963 ¹principis
810 881 859 943 sui
873 880 1053 945 liberalitate
1068 882 1154 945 illum

219 977 396 1042 bellatorem
439 1000 564 1062 equum,
608 980 692 1044 illam
737 993 895 1044 cruentam
936 982 1155 1066 victricemque

164 1117 167 1123 -
220 1077 376 1143 frameam.
419 1077 503 1144 Nam
525 1081 634 1162 epulae
656 1094 696 1158 et,
712 1103 887 1165 quanquam
908 1082 1064 1165 incompti,
1080 1083 1154 1167 largi

219 1192 321 1244 tamen
335 1194 497 1267 apparatus
518 1203 574 1264 pro
588 1183 738 1264 stipendio
752 1181 867 1246 cedunt
877 1205 892 1262 :¹
908 1185 1035 1248 materia
1055 1186 1154 1247 muni·

217 1283 358 1347 licentiae
378 1304 434 1365 per
453 1283 535 1348 bella
556 1297 589 1348 et
608 1296 723 1366 raptus.
767 1284 837 1348 Nec
858 1307 943 1348 arare
963 1271 1085 1363 terram,
1103 1299 1155 1350 aut

217 1397 379 1466 expectare
399 1407 523 1462 anuum,
539 1399 603 1450 tam
618 1385 707 1450 facile
722 1387 922 1470 persuaseris,
938 1408 1032 1470 quam
1044 1395 1154 1450 uocare

216 1486 322 1549 hostes
337 1499 368 1550 et
382 1487 513 1558 vulnera
529 1489 651 1551 mereri.
693 1487 824 1571 Pigrum
845 1489 1014 1571 quinimmo
1029 1501 1060 1552 et
1073 1490 1154 1552 iners

217 1587 346 1664 videtur,
387 1587 497 1652 sudore
538 1589 705 1672 acquirere,
746 1589 828 1672 quod
866 1591 967 1674 possis
1007 1592 1154 1674 sauguine

217 1710 334 1769 parare.
1032 1703 1038 1710 ”

259 1789 332 1854 XV.
369 1789 522 1864 Quotiens
557 1791 639 1855 bella
680 1814 741 1855 non
775 1794 891 1870 ineunt,
927 1815 988 1856 non
1023 1793 1154 1856 multum

197 1891 387 1968 'venatibus
413 1891 485 1973 plus
512 1914 569 1978 per
597 1876 694 1957 otium
721 1895 901 1979 transigunt,
924 1893 1018 1958 dediti
1048 1916 1155 1957 somno

217 1993 358 2077 ciboque,
380 1991 564 2058 fortissimus
587 1996 718 2080 quisque
740 2017 777 2059 ac
799 1996 1052 2060 bellicosissimus
1080 1995 1154 2059 nihil

216 2116 322 2178 agens,
345 2094 485 2180 delegata
505 2096 615 2159 domus
637 2110 668 2160 et
688 2098 845 2178 penatium
866 2109 897 2162 et
918 2119 1060 2182 agrorum
1082 2118 1155 2160 cura

118 2271 121 2276 .
216 2196 339 2260 seminis
362 2198 550 2281 senibusque
566 2210 597 2261 et
611 2197 819 2263 infirmissimo
839 2198 951 2282 cuique
967 2220 1005 2262 ex
1018 2197 1153 2261 familia:

217 2299 276 2380 ipsi
305 2298 436 2375 hebent;
473 2301 551 2362 mira
578 2295 753 2363 diversitate
788 2312 923 2376 naturae,
953 2303 1045 2363 cum'
1061 2297 1154 2362 iidem

217 2399 356 2462 homines
371 2400 417 2463 sic
431 2412 535 2462 ament
555 2400 696 2464 inertiam
710 2412 742 2463 et
755 2400 872 2464 oderint
893 2401 1040 2483 quietern.
1083 2398 1154 2462 Mos
1217 2417 1220 2421 ·

218 2513 266 2562 cst
280 2499 454 2562 civitatibus
476 2499 555 2562 ultro
570 2522 606 2562 ac
620 2500 732 2564 uiritim
748 2501 884 2563 conferre
903 2499 1091 2582 principibus
1106 2498 1155 2561 vel

218 2613 424 2664 armentorum
444 2601 494 2664 vel
515 2594 649 2685 frugum,
665 2601 748 2685 quod
767 2623 824 2682 pro
845 2599 958 2662 honore
982 2611 1155 2680 acceptum,

218 2703 311 2766 etiam
338 2701 574 2766 necessitatibus
611 2702 764 2766 subvenit.
792 2753 794 2758 .
817 2699 963 2764 Gaudent
990 2700 1155 2783 praecipue

219 2803 415 2866 finitimarum
436 2803 575 2886 gentium
588 2802 687 2878 donis,
703 2822 782 2885 quae
797 2823 857 2865 non
875 2801 968 2865 modo
981 2823 1000 2864 a
1015 2800 1155 2884 singulis,

219 2904 274 2967 sed
309 2903 433 2984 publice
468 2904 647 2967 mittuntur:
685 2903 775 2967 electi
804 2903 886 2987 equi,
915 2924 1027 2986 magna
1062 2923 1156 2976 arma,

221 3005 371 3090 phalerae,
400 3018 596 3089 torquesque.
651 3003 723 3068 Jam
751 3018 782 3069 ot
817 3006 982 3090 pecuniam
1017 3005 1156 3088 accipere

220 3107 393 3172 docuimus.
1080 3161 1082 3168 ,

261 3206 352 3272 XVI.
374 3207 486 3274 Nullas
510 3205 735 3271 Germanorum
755 3208 878 3291 populis
900 3208 993 3272 urbes
1019 3205 1157 3281 habitari,

223 3312 293 3373 satis
322 3321 429 3398 notum
457 3321 523 3372 est:
558 3330 597 3371 ne
625 3310 688 3389 pati
718 3309 844 3392 quidem
872 3309 950 3372 inter
979 3329 1012 3370 se
1038 3307 1158 3391 junctas

223 3411 321 3476 sedes.
367 3410 482 3474 Colunt
496 3409 621 3472 discreti
640 3431 676 3473 ac
691 3409 814 3484 diversi,
830 3420 864 3472 ut
877 3407 956 3486 sous,
971 3422 1006 3472 ut
1020 3429 1159 3492 campus,
1232 3429 1235 3435 ·

222 3526 253 3576 ut
280 3533 391 3576 nemus
426 3510 551 3592 placuit.
605 3507 700 3573 Vicos
735 3522 845 3586 incant,
875 3532 936 3573 non
964 3511 996 3573 in
1023 3521 1160 3596 nostrum

221 3636 347 3689 morem,
371 3612 516 3675 connexis
545 3623 576 3674 et
605 3609 839 3674 cohaerentibus
869 3610 1037 3675 aedificiis:
1073 3629 1161 3672 suam

221 3718 351 3797 quisque
366 3713 493 3776 domum
515 3715 614 3794 spatio
628 3711 806 3788 circumdat,
823 3714 887 3775 sive
902 3711 1049 3774 adversus
1070 3731 1162 3772 cosm
