2730 4308
255 357 296 418 60
579 377 610 418 e.
633 375 730 419 coss.
754 375 865 418 ricrrr

297 521 426 587 XXVII
430 571 437 586 .
462 523 562 608 Cujus
575 521 766 588 conscientia
776 544 813 585 ac
826 521 910 586 fama
923 521 1010 585 seror
1032 541 1124 586 exerc
1136 533 1193 605 tus,

254 623 329 688 nihil
349 625 453 689 uirtuti
481 645 558 706 suae
577 625 717 688 invium:
742 623 961 708 penetrandam
984 623 1193 702 Caledoniam,

254 723 533 808 inveniendumque
560 724 685 788 taudem
712 712 887 786 Britanniae
922 724 1089 788 terminum
1124 746 1196 789 con·

253 827 339 890 tinuo
364 825 549 908 proeliorum
570 845 674 901 cursu,
697 824 887 888 fremebant:
911 835 1004 908 atque
1031 824 1076 888 illi
1104 825 1196 888 modo

254 927 335 990 cauti
350 948 388 990 uc
403 928 566 1009 sapientes,
581 925 714 1010 prompti
734 937 806 1010 post
826 937 972 988 eventum
991 945 1028 988 ac
1046 923 1196 1010 magnilo-

254 1030 426 1113 quierant.
470 1028 669 1112 Iniquissima
690 1026 769 1092 haec
795 1026 948 1092 bellorum
969 1026 1102 1091 conditio
1127 1040 1194 1092 est:

252 1151 398 1216 prospera
422 1151 531 1194 ornnes
557 1130 617 1194 sibi
636 1129 801 1207 vindicant,
820 1128 949 1204 adversa
969 1128 1024 1192 uni
1044 1129 1196 1211 imputan-

252 1245 311 1298 tur.
355 1233 400 1297 At
424 1231 562 1298 Britanni
583 1247 645 1296 non
665 1232 788 1309 uirtute,
811 1229 868 1294 sed
889 1230 1051 1294 cccasione
1077 1243 1108 1294 et
1132 1243 1196 1294 arte

252 1334 341 1399 ducis
366 1335 434 1411 rati,
458 1332 535 1398 nihil
560 1353 600 1397 ex
623 1332 795 1418 arrogantia
817 1331 983 1408 remittere,
1006 1351 1069 1415 qno
1093 1332 1196 1395 minus

257 1434 454 1520 juventutem
471 1428 632 1512 armarent,
647 1431 797 1520 conjuges
817 1453 856 1496 ac
876 1433 990 1497 liberos
1004 1433 1035 1496 in
1049 1433 1118 1498 luca
1131 1445 1197 1500 tuta

253 1537 458 1614 transferrent,
495 1537 635 1600 coetibus
671 1555 709 1598 ac
745 1535 904 1599 sacrificiis
940 1535 1195 1617 conspirationem
1260 1589 1262 1592 .

253 1639 412 1703 civitatum
426 1639 594 1701 sancirent:
615 1649 708 1722 atque
722 1637 765 1702 ita
779 1627 902 1701 irritatis
916 1638 1071 1722 utrimque
1085 1638 1195 1700 animis

253 1740 439 1803 discessum.
1021 1749 1047 1794 0

221 1852 228 1858 '
296 1839 453 1904 XXVIII.
483 1837 605 1904 Eadem
639 1853 755 1904 aestate
784 1840 893 1904 cohors
922 1840 1113 1928 Usipiorurn,
1141 1861 1196 1924 per

252 1943 439 2029 ¹Germanias
477 1945 660 2030 conscripta,
709 1948 742 2008 in
779 1943 971 2010 Britanniam
1006 1945 1186 2008 transmissa

254 2067 402 2131 magnum
429 2067 467 2109 ac
495 2045 694 2109 memorabile
722 2044 842 2109 lacinus
874 2067 951 2110 ausa
979 2059 1037 2110 est.
1082 2045 1196 2110 Occiso

253 2149 430 2215 centurione
448 2169 486 2211 ac
507 2147 667 2224 militibus,
683 2148 737 2231 qui
751 2146 791 2211 ad
804 2147 983 2212 tradendam
1003 2146 1197 2230 disciplinam

253 2251 384 2315 immixti
397 2250 563 2335 manipulis
590 2243 767 2332 exemplum
788 2261 820 2313 ct
839 2262 975 2313 rectores
996 2249 1195 2328 habebantur,

253 2365 315 2416 tres
329 2351 506 2428 liburnicas,
523 2351 640 2415 adactis
662 2352 795 2434 pervim
809 2351 1073 2436 gubernatoribus,
1089 2373 1196 2415 ascen·

252 2453 351 2516 dere:
387 2465 420 2515 et
449 2474 511 2515 uno
546 2453 726 2536 remigante,
756 2453 910 2534 suspectis
938 2452 1061 2516 duobus
1097 2473 1196 2538 eoque

253 2551 430 2629 interfectis,
460 2553 597 2617 nondum
632 2553 757 2636 vulgato
792 2573 914 2618 rumore
942 2567 977 2618 ut
1012 2555 1196 2618 miraculum

253 2651 533 2736 praevehebantur:
561 2675 634 2717 mox
661 2653 720 2718 hac
747 2667 839 2739 atque
868 2656 920 2720 illa
947 2657 1034 2737 rapti,
1065 2669 1096 2720 et
1124 2677 1196 2720 curn

253 2755 405 2838 plerisque
420 2753 644 2834 Britannorum,
660 2777 717 2820 sua
731 2756 967 2834 defensantium,
981 2757 1099 2841 proelio
1125 2779 1196 2821 con·

253 2859 362 2941 gressi,
386 2879 423 2921 ac
444 2879 537 2941 saepe
558 2859 701 2937 victores,
723 2860 886 2944 aliquando
906 2861 999 2942 pulsi,
1023 2881 1061 2924 eo
1083 2859 1123 2923 ad
1144 2877 1196 2922 er·

254 2971 387 3022 tremum
408 2960 529 3042 inopiae
543 2965 665 3038 venere,
681 2973 716 3025 ut
730 2961 955 3025 infirmissimos
971 2983 1108 3037 suorum,
1124 2983 1196 3024 mox

253 3073 334 3154 sorte
384 3061 501 3145 ductos,
558 3071 769 3129 vescerentur.
840 3059 949 3148 Atque
996 3063 1196 3126 circumvecti

254 3157 454 3241 britanniam,
483 3163 606 3228 amissis
634 3185 690 3246 per
717 3165 870 3230 inscitiam
898 3164 1025 3250 regendi
1054 3165 1195 3240 navibus,

254 3285 306 3346 pro
342 3266 547 3348 praedonibus
578 3265 683 3344 habiti,
713 3267 848 3348 primurn
877 3290 895 3330 a
925 3267 1151 3344 saeviamus
1178 3287 1196 3330 a

255 3365 361 3431 Frisiis
375 3368 535 3449 intercepti
558 3379 648 3430 sunt:
672 3389 709 3430 ac
722 3369 819 3444 fuere,
837 3391 914 3453 quos
935 3391 992 3450 per
1011 3368 1196 3432 commercia

253 3468 454 3532 venumdatos
484 3481 515 3531 et
543 3471 575 3532 in
603 3481 737 3533 nostram
766 3492 865 3554 usque
894 3473 993 3556 ripam
1028 3471 1196 3534 mutatione

255 3570 422 3633 ementium
444 3569 602 3646 adductos,
619 3569 766 3634 iudicium
781 3573 856 3663 tanti
871 3593 964 3636 casus
979 3572 1153 3636 illustravit.

294 3665 410 3732 XXIX.
434 3670 525 3734 Initio
547 3672 672 3734 aestatis
694 3673 848 3756 Agricola,
873 3674 1045 3736 domestico
1070 3673 1195 3736 vulnere

257 3767 344 3834 lctus,
360 3790 440 3832 annu
461 3783 530 3833 ante
553 3785 658 3836 uatum
680 3773 783 3837 tilium‘
801 3776 913 3838 amisit.
960 3773 1064 3848 Quem
1087 3792 1193 3838 casum
