2730 4308
530 377 571 420 nn
595 377 774 420 crunnum.
1081 361 1121 418 35

182 547 310 610 rugens;
333 527 507 608 veterisque
529 525 630 588 famae
652 525 714 587 lata
734 524 864 606 vestigia
885 534 1019 598 manent,
1042 534 1122 586 utra·

181 648 240 709 que
255 628 321 708 ripa
335 637 485 706 castrans
500 626 607 709 spatia,
624 645 754 708 quornm
772 624 889 686 ambitu
903 643 984 687 nunc
999 643 1122 706 quoque

180 727 315 790 metiaris
330 727 444 790 molem
465 747 637 808 manusque
652 726 753 808 gentis
768 737 875 787 ettam
897 725 1002 807 magni
1021 725 1121 787 exitus

182 825 285 888 fidem.
340 825 608 889 Sexceutesimurn
643 838 673 888 et
701 823 972 907 quadragesimum
1008 819 1122 888 annun'r

182 927 254 989 urbs
276 938 379 989 nostra
401 915 520 1010 agebat,
544 947 617 988 cum
646 927 778 1006 primum
801 925 997 989 Cimbrorum
1019 925 1122 990 audita

182 1037 252 1090 sunt
274 1049 367 1104 arma,
387 1027 525 1091 Caecilio
540 1021 668 1088 Metello
692 1031 725 1086 et
742 1025 872 1106 Papirio
888 1025 1029 1089 Carbone
1049 1047 1122 1088 con-

182 1129 313 1192 sulibus.
357 1127 410 1191 Ex
430 1148 493 1211 quo
514 1128 542 1190 si
563 1126 603 1188 ad
627 1126 756 1189 alterum
778 1126 974 1207 Imperatoris
997 1125 1121 1211 Trajani

181 1228 376 1291 consulatum
390 1240 615 1308 computemus,
630 1226 755 1316 ducenti
769 1226 866 1290 ferme
882 1239 913 1290 et
926 1225 1036 1288 decem
1050 1227 1121 1288 anni

180 1328 388 1411 colliguntur;
410 1327 528 1416 tamdiu
551 1327 718 1390 Germania
739 1327 879 1390 vincitur.
910 1325 1031 1414 Medio
1058 1338 1121 1389 tarn

181 1427 264 1511 longi
279 1429 347 1491 aevi
370 1429 477 1512 spatio,
493 1427 590 1491 multa
604 1419 737 1492 invicem
751 1425 862 1508 damna
878 1447 886 1488 ε
909 1447 969 1488 non
985 1425 1120 1502 Samnis,

180 1550 239 1591 non
263 1527 371 1604 Poeni,
394 1549 455 1591 non
477 1527 648 1612 Hispaniae
672 1526 850 1616 Galliaere,
864 1547 904 1590 ne
926 1525 1032 1590 Parthi
1054 1526 1120 1609 qui-

180 1629 250 1694 dem
266 1651 392 1711 saepius
412 1627 617 1692 admonuere:
641 1649 754 1714 qnippe
774 1649 869 1712 regno
883 1630 1009 1691 Arsacis
1024 1628 1121 1690 acrior

179 1743 227 1795 est
255 1731 480 1794 Germanorum
507 1731 643 1795 libertas.
688 1729 773 1804 Quid
802 1731 885 1793 enim
913 1729 996 1814 aliud
1020 1730 1119 1805 nobis,

180 1853 272 1914 qnam
301 1831 428 1896 caedem
453 1832 569 1906 Crassi,
592 1833 707 1896 amisso
736 1847 767 1896 et
794 1833 861 1917 ipse
891 1831 1020 1908 Pacoro,
1044 1830 1130 1906 infra¹

182 1932 359 1997 Ventidium
380 1932 518 2018 dejectus
542 1933 653 1996 Oriens
682 1932 852 2018 objecerit?
896 1935 938 1996 At
961 1933 1119 2008 Germani,

180 2033 318 2096 Carbone
347 2046 379 2097 et
408 2034 522 2098 Cassio
557 2045 589 2096 et
625 2035 743 2097 Scauro
771 2035 898 2097 Aurelio
930 2046 961 2096 et
990 2033 1121 2096 Servilio

181 2135 349 2219 Caepione,
374 2133 420 2196 M.
454 2155 576 2217 quoque
593 2133 709 2196 Manlio
723 2135 803 2197 fusis
829 2134 880 2196 vel
901 2135 1009 2214 captis,
1032 2135 1120 2216 quin·

179 2257 238 2318 que
276 2235 369 2298 simul
405 2234 583 2296 consulares
619 2235 771 2297 exercitus
807 2233 931 2318 Populo
967 2233 1119 2309 Romano,

180 2333 308 2409 Varum,
337 2346 461 2416 tresque
496 2354 571 2396 curn
605 2355 644 2396 eo
678 2333 825 2416 legiones,
860 2335 955 2416 etiam
993 2334 1120 2397 Caesari

179 2433 387 2498 abstulerunt:
410 2455 469 2497 nec
495 2435 620 2515 impune
635 2434 686 2498 ¹C.
711 2434 830 2498 Marius
852 2436 883 2498 in
910 2435 1006 2512 Italia,
1030 2435 1120 2499 divus

179 2535 281 2599 Julius
303 2537 336 2598 in
358 2535 469 2612 Gallia,
492 2534 616 2600 Drusus
643 2557 680 2600 ac
702 2536 787 2600 Nero
808 2550 839 2601 et
862 2536 1065 2601 Germanicus
1088 2539 1120 2601 in

179 2638 244 2701 suis
281 2659 335 2700 eos
364 2638 490 2702 sedibus
526 2629 733 2720 perculerunt.
791 2639 867 2702 Mox
902 2639 1042 2722 ingentes
1081 2639 1119 2703 C.

178 2737 319 2802 Caesaris
348 2741 450 2802 minae
479 2741 510 2803 in
538 2739 711 2804 ludibrium
733 2761 852 2804 versae.
906 2740 982 2804 Inde
1012 2742 1118 2818 otium,

179 2839 275 2902 donec
297 2842 459 2904 occasione
473 2840 645 2904 discordiae
666 2854 787 2904 nostrae
809 2853 841 2904 et
861 2841 999 2905 civilium
1019 2863 1119 2904 armo-

181 2959 256 3016 rum,
287 2943 468 3026 expugnatis
504 2942 662 3025 legionum
698 2941 842 3017 hibernis,
877 2943 970 3006 etiam
1000 2943 1119 3006 Gallias

179 3041 375 3104 affectavere:
399 3063 437 3105 ec
450 3063 557 3106 rursus
573 3043 665 3124 pulsi,
682 3043 752 3106 inde
767 3044 914 3128 proximis
929 3045 1119 3126 temporibus

179 3141 354 3220 triumphati
369 3143 468 3225 magis
483 3163 577 3225 quarn
591 3144 663 3206 victi
679 3157 760 3206 sunt.

219 3237 394 3302 XXXVIII.
416 3241 510 3304 Nunc
532 3243 570 3307 de
595 3243 706 3308 Suevis
728 3245 893 3309 dicendum
915 3257 972 3321 est,
988 3267 1119 3328 quorum

179 3363 317 3420 norruna,
328 3339 363 3404 ul
373 3343 549 3407 Chattorum
564 3344 835 3422 Tencterorumve,
851 3366 948 3429 gens:
971 3344 1118 3428 majorem

179 3444 261 3506 enim
296 3441 480 3506 Genneniae
515 3458 633 3525 partem
669 3446 814 3522 obtinent,
851 3446 981 3528 propriis
1017 3443 1118 3507 adhuc
1210 3439 1213 3448 '

179 3545 351 3608 nationibus
373 3545 611 3629 nominibusque
632 3545 766 3623 discreti,
791 3566 967 3629 quanquam
982 3545 1013 3606 in
1035 3566 1117 3607 com·

178 3665 269 3709 mune
307 3645 404 3710 Suevi
439 3649 596 3710 vocentur.
658 3647 783 3731 Insigne
825 3647 925 3730 gentis
962 3646 1118 3730 obliquare

177 3746 293 3812 ormam
328 3747 469 3831 nodoque
507 3749 736 3831 substringere:
760 3749 806 3811 sic
836 3747 931 3810 Suevi
961 3769 979 3809 a
1007 3749 1117 3811 ceteris
