2730 4308
235 306 273 366 30
549 322 579 364 o.
602 321 700 364 conr.
724 320 861 364 ricrrns

231 491 344 534 annum
355 490 478 553 qnoque
493 470 596 550 ipsum
610 491 672 532 non
686 469 716 532 in
731 467 858 532 totidem
872 467 1015 552 digerunt
1030 467 1152 548 species

230 570 330 634 hiems
345 583 376 634 et
389 592 443 634 ver
457 583 488 633 et
502 583 603 634 aestas
618 569 808 636 intellectum
823 591 859 632 ac
874 567 1026 632 vocabula
1038 568 1152 633 habent

230 672 368 736 autumni
383 671 509 752 perinde
523 693 637 750 nomen
650 693 687 734 ac
700 671 781 734 bona
795 671 981 756 ignorantur.

272 772 412 836 XXVII.
436 770 593 836 Funerum
608 773 692 836 nulla
706 772 848 849 ambitio;
871 771 902 836 id
918 771 1018 842 solnm
1030 771 1171 836 observa

229 887 288 952 tur,
303 886 338 939 nt
352 895 479 956 corpora
500 874 651 938 clarorum
667 874 800 937 virorum
821 874 913 937 certis
928 873 1019 956 lignis
1033 895 1171 938 cremen-

229 988 288 1038 tur.
326 975 451 1040 Strnem
465 976 530 1060 rogi
545 997 603 1038 nec
613 975 752 1039 restibus
766 996 824 1038 nec
837 974 981 1038 odoribus
996 975 1170 1042 cumulant:

229 1099 286 1140 sna
307 1079 421 1161 cniqne
443 1099 537 1154 arma,
552 1075 744 1162 quorundam
765 1077 829 1160 igni
850 1088 882 1140 et
902 1097 1003 1160 equus
1020 1076 1172 1160 adjicitur.

230 1177 417 1264 Sepulcrum
431 1199 560 1263 caespes
576 1179 684 1262 erigit;
711 1189 980 1246 monumentorum
995 1177 1126 1242 arduum
1140 1191 1170 1242 et

228 1301 393 1362 operosum
415 1279 571 1356 honorem,
586 1291 621 1343 nt
634 1301 761 1364 gravem
782 1277 1170 1364 defunctis,aspemantnr.

229 1380 381 1446 Lamenta
422 1404 460 1445 ac
495 1382 636 1444 lacrimas
672 1382 744 1457 cito,
780 1380 918 1444 dolorem
953 1391 984 1444 et
1018 1381 1171 1444 tristitiam

230 1482 313 1544 tarde
341 1495 468 1563 ponunt.
511 1481 650 1544 Feminis
678 1483 785 1565 lugere
813 1481 978 1545 honestum
1007 1494 1074 1558 est;
1097 1482 1170 1545 viris

80 1665 83 1676 ἱ
162 1599 167 1610 ’
229 1583 418 1646 meminisse.-
477 1582 630 1646 Haecin
664 1604 830 1646 commune
858 1582 897 1646 de
927 1583 1064 1646 omnium
1093 1581 1171 1646 Ger·

81 1677 83 1685 ⁴
141 1718 143 1724 ·
229 1705 390 1748 manorum
419 1684 535 1768 origine
556 1704 593 1745 ac
615 1685 752 1748 moribus
774 1679 974 1765 accepimns:
1005 1706 1087 1748 nnnc
1109 1685 1171 1747 sin·

229 1784 372 1868 gularum
386 1785 523 1868 gentium
540 1784 678 1847 instituta
691 1785 840 1868 ritusque,
854 1797 1005 1868 quatenns
1020 1784 1169 1861 differant,

229 1907 309 1968 qnae
330 1886 468 1949 nationes
484 1907 501 1948 e
518 1883 684 1950 Germania
704 1887 735 1949 in
752 1885 870 1950 Gallias
892 1887 1169 1970 commigraverint,

230 1987 401 2069 expediam.
663 2047 667 2056 ,
870 2001 871 2004 ’

259 2088 418 2154 'XXVIII
460 2083 632 2166 Validiores
669 2090 743 2154 olim
780 2088 941 2154 Gallorum
975 2111 1025 2154 res
1061 2089 1170 2166 fnisse,

230 2215 371 2258 summus
400 2205 562 2256 auctorum
589 2191 679 2256 divus
708 2189 813 2255 Julius
841 2191 948 2254 tradit:
979 2213 1078 2275 eoque
1106 2213 1171 2255 cre-

229 2293 322 2358 dibile
348 2305 396 2358 est
420 2294 513 2358 etiam
540 2292 648 2357 Gallos
670 2294 702 2357 in
729 2291 929 2357 Germaniam
953 2306 1170 2377 transgressos.

230 2394 424 2470 Quantulum
459 2395 542 2457 enim
577 2396 676 2458 amnis
713 2395 862 2472 obstabat,
891 2416 952 2478 qno
987 2395 1101 2471 minue,
1138 2407 1171 2458 nt

230 2515 371 2578 quaeque
406 2515 484 2578 gens
520 2494 684 2571 emineret,
722 2509 886 2577 occuparet
924 2507 1173 2580 permutaretque

230 2593 331 2670 sedes,
346 2595 538 2675 promiscuas
560 2595 661 2659 adhnc
684 2608 715 2659 ct
736 2597 820 2662 nnlla
848 2619 1012 2681 regnorum
1038 2599 1171 2679 potentia

197 2779 199 2784 Ι
230 2694 367 2758 divisas?
410 2695 509 2780 Igitur
523 2697 601 2760 inter
616 2696 807 2782 Hercyniam
830 2698 948 2778 sylvam
964 2697 1171 2780 Rhenumque

230 2810 261 2859 et
284 2796 433 2860 Moenum
460 2819 567 2861 amnes
597 2797 744 2875 Helvetii,
774 2799 918 2863 ulteriora
947 2798 1027 2875 Boii,
1052 2797 1171 2863 Gallica

230 2910 358 2981 utraque
372 2921 459 2982 gene,
473 2913 611 2964 tenuere.
655 2899 762 2964 Manet
775 2900 877 2964 adhnc
891 2901 1036 2966 Boibemi
1048 2903 1170 2976 nomen,

230 3001 394 3084 signatque
426 2998 484 3064 loci
516 3008 654 3066 veterem
682 3003 873 3078 memoriam,
889 3004 1031 3086 quamvis
1045 3002 1171 3064 mutatis

230 3101 409 3164 cultoribus».
454 3101 518 3166 Sed
550 3116 655 3166 utrum
683 3103 825 3167 Aravisci
853 3105 885 3166 in
913 3103 1105 3166 Pannoniam
1132 3102 1171 3167 ab

231 3201 315 3280 Osis,
341 3201 567 3281 Germanorum
589 3204 721 3281 natione,
746 3226 786 3266 an
812 3205 868 3269 Osi
895 3205 934 3268 ab
956 3205 1113 3268 Araviscis
1139 3204 1171 3266 in

231 3304 430 3369 Germaniam
454 3306 730 3390 commigraverint,
755 3306 962 3370 cnmeodem
985 3305 1086 3369 adhuc
1109 3327 1171 3368 ser·

231 3399 330 3484 mone,
347 3408 502 3483 institutis,
517 3408 654 3496 moribus
676 3419 809 3484 utantur,
825 3408 976 3472 incertum
997 3420 1066 3471 est:
1089 3407 1171 3490 qnia,

232 3508 295 3587 pari
322 3509 395 3572 olim
420 3509 522 3590 inopia
547 3530 584 3570 ac
606 3508 754 3584 libertate,
771 3509 880 3571 eadem
904 3511 1065 3592 utriusque
1087 3509 1171 3592 ripae

232 3608 309 3670 bona
324 3609 466 3692 malaque
489 3621 585 3672 erant.
628 3609 757 3673 Treveri
772 3621 803 3673 et
817 3609 924 3674 Nervii
946 3611 1028 3674 circa
1049 3609 1160 3674 affecta

232 3721 347 3772 tronem
363 3709 565 3772 Germanicae
588 3711 713 3794 originis
736 3711 815 3775 ultro
838 3712 991 3774 ambitiosi
1010 3723 1092 3781 svnt.
1108 3721 1159 3774 tan

846 4025 1352 4300 ff——fl——ss-..r-,j
