2766 4306
240 385 282 445 72
563 401 593 442 c.
617 399 713 442 coru.
736 399 847 442 racrrr

237 549 352 612 bonurn
372 547 471 612 vuum
492 546 584 612 facile
605 548 757 622 crederes,
778 567 927 630 magnum
954 545 1095 611 libenter.
1137 544 1178 616 E,

237 671 304 732 ipse
318 649 455 735 quidem,
470 671 649 734 quenquam
669 649 774 714 medio
788 649 819 712 in
834 649 934 731 spatio
947 649 1084 732 integrae
1099 662 1179 713 aen·

237 753 276 815 tis
291 764 426 834 emptus,
441 763 592 835 quantum
612 749 652 814 nd
673 750 811 835 gloriam,
827 749 1044 834 longissimum
1068 769 1180 814 aemm

237 854 366 937 peregit.
410 851 535 934 Quippe
550 865 583 916 et
595 873 668 916 sera
689 853 778 928 bona,
794 873 874 936 quae
888 851 920 914 in
933 850 1097 914 virtutibus
1121 851 1181 915 sita

237 965 318 1030 sunt,
347 953 539 1035 impleverat,
579 961 612 1016 et
658 952 814 1018 consulari
861 970 899 1016 ae
945 950 1180 1034 triumphalibus

237 1055 422 1118 ornamentis
459 1053 606 1136 praedito,
636 1054 711 1139 quid
749 1053 834 1118 aliud
868 1053 1025 1118 adstruere
1043 1051 1181 1118 ¹fortuna

238 1145 379 1236 poteratl
422 1155 544 1242 Opibus
574 1147 684 1220 *nimiis
712 1177 773 1219 non
808 1155 1180 1240 gaudebat31peciosns

237 1258 436 1341 contigerant.
479 1256 561 1322 Filia
584 1269 678 1341 atque
706 1275 802 1321 uxore
832 1257 1059 1342 superstitibus,
1080 1269 1182 1339 potest

238 1357 332 1422 videri
346 1359 439 1423 etiam
459 1358 589 1436 beatus;
613 1358 760 1422 incolumi
774 1358 932 1442 dignitate,
946 1357 1074 1422 florente
1087 1356 1180 1436 fama,

237 1460 329 1524 salvis
344 1460 543 1524 affinitatibus
558 1472 590 1523 et
603 1461 757 1537 amicitiis,
772 1459 877 1524 futura
894 1460 1053 1544 effugisse.
1097 1458 1180 1524 Nam

237 1562 327 1624 sicuti
341 1561 451 1624 durare
473 1562 505 1624 in
526 1562 586 1624 bec
606 1562 777 1625 beatissimi
803 1562 920 1625 saeculi
933 1559 1004 1626 luce
1019 1563 1181 1644 acprinci·

236 1683 309 1742 pem
334 1660 505 1745 Trajanum
526 1661 641 1739 ridere,
666 1663 751 1747 quod
775 1664 905 1747 augurio
929 1663 1071 1747 sonsque
1098 1663 1180 1745 apud

237 1773 356 1825 nostras
376 1782 467 1824 aures
490 1762 691 1840 ominabatun
707 1765 750 1827 ite
763 1763 924 1827 festinatae
946 1765 1052 1828 mortis
1066 1763 1181 1849 grande

237 1862 381 1926 solatium
402 1863 482 1941 tulit,
498 1865 637 1928 evasisse
657 1879 849 1946 postremum
872 1865 949 1930 illud
969 1877 1104 1948 tempus,
1117 1887 1181 1949 quo
1209 1951 1212 1956 Ι

237 1963 433 2029 Domitianus
448 1987 509 2028 non
533 1966 598 2051 jam
612 1989 668 2048 per
682 1967 839 2030 intervalla
853 1989 890 2030 ac
906 1968 1091 2048 spiramenta
1104 1980 1186 2032 tem-v

237 2087 356 2149 porum,
372 2067 428 2130 sed
449 2070 599 2132 continuo
623 2082 655 2134 et
676 2068 765 2132 uelut
786 2090 847 2132 uno
870 2070 932 2133 ictu
958 2070 1180 2155 rempublicam

238 2168 390 2233 exhausit.
410 2211 413 2220 ·
707 2198 715 2213 ·
1131 2164 1185 2236 st

279 2267 382 2334 XLV.
407 2270 480 2334 Non
510 2272 586 2336 vidit
615 2272 761 2357 Agricola
797 2271 958 2336 obsessam
994 2273 1120 2349 curiam,
1150 2285 1181 2336 et

238 2371 379 2436 clausum
407 2373 500 2437 armis
522 2385 674 2449 senatum,
697 2386 730 2437 et
749 2373 983 2458 eademstrage
1006 2385 1050 2438 tot
1075 2393 1181 2438 eonsu-

238 2473 347 2536 lnrium
368 2473 491 2549 caedes,
514 2487 560 2536 tot
586 2468 848 2540 nobilissimarum
868 2473 1051 2540 feminamm
1074 2474 1180 2538 exsilia

237 2585 269 2635 et
282 2570 384 2656 fugas.
427 2571 502 2637 Una'
520 2572 621 2637 adhuc
634 2575 762 2638 victoria
777 2575 879 2639 Carus
895 2575 1012 2641 Metius
1036 2576 1181 2640 censeba-

238 2686 296 2749 tur,
325 2686 358 2737 et
393 2678 472 2737 intra
504 2673 658 2739 Albanam
692 2695 797 2740 arcem
833 2678 984 2741 sententia
1020 2677 1180 2742 Messalini

238 2775 402 2859 strepebat,
417 2787 450 2838 et
464 2775 572 2839 Massa
593 2775 711 2840 Bobius
733 2777 798 2862 jam
819 2791 887 2843 tum
900 2801 972 2843 reus
986 2792 1061 2843 erat.
1105 2779 1180 2842 Mox

239 2891 359 2940 nostrae
384 2876 501 2941 duxere
523 2877 706 2944 Helvidium
732 2882 762 2943 in
789 2901 945 2944 carcerem
970 2901 1100 2944 manus:
1123 2901 1180 2943 nos

239 2976 371 3042 Maurici
400 2978 587 3065 Rusticique
620 2982 718 3058 visus,
747 3003 804 3045 nos
840 2983 994 3046 innocenti
1031 2983 1179 3067 sangnine

239 3078 372 3144 Senecio
385 3079 532 3162 perfudit.
574 3081 661 3146 Nero
674 3095 778 3148 tamen
793 3083 942 3146 subtraxit
956 3083 1063 3149 oculos
1073 3083 1180 3167 jussit·

237 3196 298 3264 que
314 3180 442 3257 scelera,
465 3203 527 3245 non
548 3185 719 3264 spectavit:
742 3184 908 3266 praecipua
930 3183 988 3247 sub
1002 3182 1180 3248 Domitiano

237 3282 432 3346 miseriarum
452 3303 525 3364 pars
546 3295 611 3346 erat
630 3283 735 3347 videre
747 3295 789 3347 ‘et
809 3285 939 3369 aspicit,
954 3284 1179 3366 cum-suspiria

236 3397 339 3448 nostre
359 3384 646 3462 subscriberentm3
669 3405 742 3448 cnm
756 3384 938 3449 denotandis
959 3397 1004 3452 tot
1020 3384 1179 3448 hominum

236 3481 404 3562 palloribus
425 3479 583 3544 sufficeret
607 3501 720 3544 saevus
742 3481 793 3544 ille
815 3481 919 3547 vultus
942 3494 974 3546 et
992 3482 1095 3558 rubor,
1117 3501 1180 3564 quo

236 3601 271 3644 se
296 3593 403 3645 contra
427 3581 578 3662 pudorem
597 3581 767 3646 muniebat.
811 3582 872 3646 Tu.
887 3605 961 3647 vero
981 3582 1067 3659 felir,
1089 3583 1180 3666 Agri·

236 3682 315 3757 cola,
328 3703 391 3744 non
405 3684 485 3746 vitae
506 3695 627 3746 tantum
647 3683 794 3760 claritate,
810 3684 867 3748 sed
888 3685 981 3748 etiam
1003 3683 1179 3769 opportuni·
1261 3741 1273 3758 .

237 3792 297 3844 tate
319 3784 435 3846 mortis.
456 3782 503 3844 Ut
514 3783 674 3862 perhibent
699 3785 752 3867 qui
781 3785 982 3849 interluemnt
1004 3785 1179 3849 novissimis
