2730 4308
124 289 126 296 ’
225 303 264 356 ztt
530 314 560 356 c.
584 312 680 356 conu.
696 313 839 370 ¹racrrus

221 461 313 524 moris
325 446 344 523 ει
357 471 388 524 et
401 459 549 545 poscendi
564 461 696 524 invicem
710 460 820 525 eadem
833 460 975 525 facilitas.
1014 459 1158 528 Gaudent

220 562 421 626 muneribus:
459 561 513 625 sed
548 583 607 625 nec
635 562 706 625 data
741 564 900 643 imputant,
929 584 989 626 nec
1023 565 1158 646 acceptis

221 663 403 746 obligantur.
446 661 557 726 Victus
579 663 657 726 inter
677 662 815 747 hospites
837 665 945 727 comis.

262 761 371 827 XXII.
396 763 506 827 Statim
528 785 546 827 e
566 786 682 840 somno,
705 785 799 848 quem
820 764 1001 848 plerumque
1024 767 1055 829 in
1076 765 1158 830 diem

221 863 391 940 extrahunt,
425 865 572 941 lavantur,
602 866 726 946 saepius
761 865 870 942 calida,
899 879 934 930 ut
968 867 1051 948 apud
1080 889 1158 950 quos

220 967 386 1047 plurimum
399 1031 403 1036 ,
417 965 516 1028 biems
546 978 685 1046 occupat.
741 964 833 1030 Leuti
869 967 975 1032 cibum
1009 970 1157 1052 capiunt:

219 1079 377 1149 separatae
407 1065 536 1150 singulis
564 1066 655 1129 sedes
678 1078 709 1130 et
729 1088 787 1129 sue
808 1068 920 1150 cuique
942 1089 1069 1132 mensa:
1091 1081 1157 1132 tum

220 1167 260 1231 ad
280 1169 412 1252 negotia,
434 1189 493 1232 nec
513 1168 616 1231 miuus
639 1188 731 1252 saepe
754 1167 793 1230 ad
821 1169 968 1244 convivia,
991 1169 1158 1250 procedunt
1183 1158 1187 1166 ¹

220 1271 338 1333 annati.
381 1267 476 1333 Diem
503 1281 685 1352 noctemque
714 1267 889 1332 continuare
917 1269 1058 1350 potando,
1081 1269 1159 1332 nulli

219 1371 374 1450 probrum.
428 1368 571 1445 Crebrae,
601 1381 636 1432 ut
663 1370 742 1433 iuter
765 1368 946 1444 vinolentos,
971 1369 1065 1446 rixae,
1091 1391 1159 1435 raro

220 1471 377 1545 conviciis
404 1471 528 1550 saepius
557 1469 651 1532 caede
678 1482 710 1533 et
735 1469 911 1534 vulneribus
940 1471 1157 1554 transiguntur.

222 1568 287 1632 Sed
301 1581 331 1632 ct
345 1569 384 1632 de
398 1569 630 1632 reconciliandis
651 1570 783 1633 invicem
798 1571 930 1634 inimicis
945 1582 976 1633 et
993 1570 1157 1655 jungendis

142 1679 148 1692 ·
182 1729 184 1737 ,
221 1667 418 1732 affinitatibus
441 1681 471 1730 at
493 1668 679 1731 asciscendis
699 1670 899 1751 principibus,
914 1667 953 1733 de
974 1692 1051 1752 pace
1072 1670 1143 1734 deni

221 1790 282 1852 que
312 1789 354 1831 ac
385 1767 467 1832 bello
499 1769 680 1852 plerumque
714 1771 745 1832 in
778 1772 926 1835 conviviis
963 1771 1155 1835 consultant:

221 1882 366 1952 tanquam
401 1869 499 1934 nullo
526 1871 625 1954 magis
667 1883 804 1956 tempore
840 1885 893 1935 aut
928 1872 967 1935 ad
1003 1872 1157 1954 simplices

221 1972 420 2054 cogitationes
441 1983 543 2053 pateat
564 1972 695 2048 animae,
710 1971 816 2036 autad
834 1995 962 2057 magnas
983 1972 1157 2036 incalescat.

222 2071 308 2136 Gens
337 2095 398 2138 non
425 2085 527 2136 astuta
554 2093 612 2135 nec
640 2072 752 2136 callida
779 2075 876 2158 aperit
904 2073 1005 2137 adhuc
1027 2085 1159 2136 'secreta

220 2175 351 2256 pectoris
372 2174 496 2238 licentia
512 2173 602 2258 joci.v
630 2172 716 2257 Ergo
730 2170 850 2236 detecta
865 2186 895 2237 et
916 2173 999 2236 nuda
1021 2174 1158 2236 omnium

220 2299 307 2340 mens
333 2289 456 2359 postera
477 2275 526 2338 die
548 2286 735 2362 retractatur,
752 2286 783 2338 et
797 2274 881 2337 salva
903 2276 1061 2358 utriusque
1082 2287 1159 2337 tem·

220 2379 302 2458 poris
329 2379 406 2441 ratio
434 2388 501 2438 est:
541 2375 718 2452 deliberant,
748 2375 823 2438 dum
850 2375 965 2460 fingere
994 2375 1156 2452 nesciunt;

221 2476 418 2551 constituunt,
434 2476 509 2538 dum
524 2496 623 2538 errare
638 2497 699 2538 non
712 2487 852 2557 possunt.

262 2575 390 2640 XXIII.
412 2576 506 2640 Potui
533 2575 644 2638 humor
669 2597 708 2639 ex
726 2576 854 2640 ,hordeo
868 2590 921 2641 aut
943 2577 1103 2653 frumento,
1127 2578 1184 2640 iu·

220 2678 375 2762 quandam
390 2676 621 2740 similitudinem
634 2678 697 2741 vini
711 2691 882 2759 corruptus.
925 2679 1061 2742 Proximi
1075 2679 1158 2759 ripae

220 2791 251 2842 et
265 2779 372 2843 vinum
386 2790 569 2841 mercantur.
615 2776 688 2841 Cibi
710 2778 867 2858 simplices
881 2801 889 2856 ;
913 2779 1044 2862 agrestia
1056 2799 1158 2860 poma,

220 2901 328 2943 recens
343 2879 418 2954 fera,
434 2891 487 2942 aut
507 2879 556 2942 lac
579 2892 766 2943 concretum.
814 2879 888 2943 Sine
911 2891 1068 2963 apparatu,
1093 2879 1158 2941 sine

221 2979 445 3055 blandimentis,
469 2976 624 3059 expellunt
644 2977 769 3042 samem.
812 2977 973 3054 Adversus
996 2979 1077 3042 sitim
1098 2999 1159 3040 non

220 3079 331 3143 eadem
366 3078 576 3160 temperantia.
641 3078 676 3142 Si
712 3078 877 3142 indulseris
913 3079 1051 3142 ebrietati
1086 3099 1159 3161 sug·

221 3179 354 3266 gerendo
382 3191 532 3263 quantum
566 3179 798 3260 concupiscunt,
828 3178 910 3242 haud
938 3181 1041 3242 minus
1069 3178 1159 3242 facile

224 3283 313 3359 vitiis,
337 3303 430 3366 quam
452 3281 546 3346 armis
567 3279 736 3343 vincentur.

263 3383 386 3450 XXIV.
410 3380 519 3445 Genus
542 3379 788 3462 spectacu'orum
814 3403 911 3444 unum
925 3395 1017 3465 atque
1032 3383 1159 3444 inomni

221 3499 311 3550 coetu
334 3485 428 3550 idem.
472 3481 559 3546 Nudi
577 3481 717 3566 juvenes,
741 3483 852 3565 quibus
875 3483 907 3546 id
927 3482 1081 3546 ludicrum
1102 3494 1159 3559 est,
1212 3543 1216 3554 ,

222 3588 300 3650 inter
321 3585 438 3668 gladios
462 3605 495 3646 sc
518 3595 610 3666 atque
632 3582 758 3646 infestas
780 3582 913 3646 frameas
936 3583 1016 3648 saltu
1034 3594 1159 3668 Jacruut.

228 3685 411 3749 Exercitatio
423 3697 519 3746 artem
539 3683 665 3765 paravit,
681 3705 729 3745 ars
744 3682 907 3746 decorem:
931 3706 992 3748 non
1007 3705 1038 3746 m
1052 3704 1158 3759 quaes·
