2766 4306
573 399 741 444 rcnrcotr.
1088 383 1127 442 6³

192 561 272 632 gete.
316 547 345 612 Ii
363 561 450 624 sunt,
472 569 550 631 quos
578 549 716 629 proximo
743 569 832 624 auno,
854 567 949 611 unanr
975 545 1127 630 legionem

181 649 272 714 ,furto
293 649 392 712 noctis
414 669 586 732 aggressos,
596 649 736 722 'elamore
750 647 947 712 debellantia:
970 648 992 711 ii
1014 657 1126 711 cetero·

192 771 261 814 rum
275 749 489 814 Britannorum
510 749 714 832 fugacissimi,
729 747 860 832 ideoque
875 747 1005 831 tamdiu
1024 769 1126 828 super·

193 851 291 914 stites.
356 849 519 923 Quomodo
561 849 654 912 silvas
698 849 855 932 saltusque
901 849 1127 934 penetrantibus

191 949 393 1016 fortissimum
415 950 558 1032 quodque
587 949 699 1013 animal
721 962 945 1024 contremere,
967 949 1077 1031 pavida
1098 961 1127 1014 et

189 1051 300 1126 inertia
333 1051 401 1138 ipso
435 1051 568 1134 agminis
605 1071 680 1114 sono
714 1049 885 1140 pelluntur,
912 1052 957 1113 sic
989 1051 1126 1114 acerrimi

180 1150 408 1222 ›Britannomm
438 1151 504 1237 jam
531 1150 650 1232 pridem
677 1149 880 1215 ceciderunt:
915 1151 1053 1236 reliquus
1081 1165 1127 1216 est

192 1273 340 1318 numerus
361 1253 541 1336 ignavorum
562 1265 594 1318 et
614 1253 840 1328 metuentium,
862 1273 942 1335 quos
961 1252 1044 1334 quod
1063 1263 1127 1314 tarr-

192 1352 263 1418 dem
286 1353 454 1428 invenistis,
470 1373 529 1418 non
550 1354 734 1429 restiterunt,
757 1351 813 1415 sed
832 1351 1127 1436 deprehensi-sunt·

130 1491 135 1501 ι
193 1453 377 1518 novissimae
411 1474 461 1516 res
489 1465 520 1516 et
547 1465 683 1519 extremo
717 1463 803 1517 metu
838 1473 963 1534 corpora
995 1452 1127 1516 defixere

192 1554 298 1619 aciem·
313 1553 344 1618 r'u
365 1553 413 1620 his
442 1555 591 1638 vestigiis,
614 1553 779 1638 inquibus
808 1553 967 1636 pulchram
989 1566 1021 1616 et
1041 1575 1129 1635 spec·

192 1654 316 1720 tabilem
338 1654 497 1720 victoriam
525 1655 667 1720 ederetis.
710 1655 886 1740 Transigite
912 1677 985 1718 cum
1006 1655 1128 1736 expedi-

192 1755 344 1820 tionibus:
367 1756 513 1837 impouite
528 1756 747 1840 quinquaginta
761 1758 847 1820 amris
862 1777 1008 1840 maguum
1023 1756 1126 1818 diem:

192 1857 356 1940 approbate
389 1855 576 1938 reipublicae
610 1877 768 1940 nunquam
804 1857 950 1920 exercitui
986 1857 1127 1938 imputari

192 1957 330 2038 potuisse
343 1970 397 2022 aut
409 1979 510 2022 moras
524 1956 598 2021 belli
611 1969 665 2022 aut
679 1979 790 2020 musas
804 1955 1002 2022 rebellandi.’'
1053 1980 1141 2012 r·-

232 2054 363 2124 XXXV.
392 2057 437 2128 Et
468 2057 642 2141 alloquente
676 2057 776 2121 adhuc
809 2057 962 2140 Agricola,
996 2057 1129 2122 militum

184 2159 280 2230 ,ardor
308 2159 471 2234 eminebat,
501 2170 532 2221 et
559 2159 654 2222 finem
682 2158 825 2226 orationis
852 2157 961 2239 ingens
990 2157 1129 2219 alacritas

193 2271 429 2334 consecuturam,
445 2260 608 2341 statimque
623 2258 662 2322 ed
676 2278 763 2320 erma
773 2257 958 2320 discursum.
1001 2256 1129 2319 Instinc-
1200 2317 1204 2331 ,

102 2413 109 2422 .
193 2373 247 2425 tos·
261 2371 447 2442 ruentesque
469 2359 511 2426 ite
527 2358 690 2440 disposuit·
703 2369 738 2421 ut
752 2357 891 2445 peditum
912 2357 1034 2433 auxilie,
1050 2377 1129 2440 quac

193 2473 262 2524 octo
290 2459 386 2525 millia
407 2470 500 2536 esent,
522 2458 658 2524 mediam
679 2459 779 2522 aciem
797 2458 961 2534 firmarent,
992 2459 1130 2541 equitum

194 2563 250 2626 tria
270 2558 366 2627 millia
386 2559 529 2626 cornibus
551 2559 797 2624 effunderentur:
820 2559 957 2642 legiones
978 2559 1130 2641 provallo

193 2674 318 2736 steterer-
337 2662 444 2746 ingens
469 2662 612 2727 victoriae
635 2661 731 2724 decus
757 2661 833 2724 citra
857 2659 1034 2724 Romanum
1062 2682 1130 2723 san·

189 2761 319 2846 guinem
332 2763 466 2839 bellanti,
490 2776 521 2830 et
541 2761 701 2838 auxilium,
722 2763 749 2825 si
774 2762 968 2846 pellerentur.
1011 2761 1130 2825 Britan-

194 2885 301 2927 norum
316 2865 409 2940 ecies,
425 2864 457 2927 in
471 2864 608 2944 speciem
622 2861 716 2926 simul
730 2883 767 2924 ae
781 2873 935 2936 terrorem,
953 2857 1130 2924 editioribus

206 2966 274 3030 ocis.
293 2965 468 3028 constiterat
489 2965 540 3039 ite,
563 2975 598 3026 ut
618 2963 753 3046 primurn
777 2983 889 3045 agmen
912 2981 1020 3044 aequo,
1037 2974 1130 3024 ceteri

195 3085 249 3148 per
270 3065 385 3129 acelive
406 3063 519 3148 jugum
541 3063 669 3126 connexi
690 3062 775 3124 velut
795 3063 1007 3144 insurgerent:
1029 3062 1130 3124 media

195 3163 297 3242 campi
318 3163 489 3227 covinarius
512 3173 543 3224 ct
568 3181 664 3243 eques
691 3162 818 3246 strepitu
833 3181 870 3224 eo
883 3161 1026 3224 discursu
1047 3183 1130 3223 conr-

194 3263 308 3346 plebat.
325 3314 327 3325 ι
351 3261 438 3326 Tum
451 3261 595 3344 Agricola
613 3275 774 3343 superante
789 3261 924 3326 hostium
939 3261 1130 3324 multitudine

195 3363 374 3439 veritusne
397 3361 490 3426 simul
511 3362 543 3424 in
563 3361 702 3438 frontem,
717 3360 810 3425 simul
832 3375 862 3424 et
887 3361 981 3424 latera
1005 3381 1130 3426 suorum

194 3476 392 3548 pugnaretur,
413 3463 545 3526 diductis
574 3463 739 3540 ordinibus,
766 3481 941 3545 quanquam
967 3461 1130 3541 porrectior

195 3566 277 3630 acies
305 3565 408 3631 lutura
438 3575 503 3628 erat
531 3575 562 3627 et
589 3563 786 3628 arcessendas
821 3562 958 3643 plerique
993 3559 1129 3642 legiones

196 3665 406 3742 admonebant,
427 3665 593 3746 promptior
621 3665 653 3728 iu
681 3684 768 3744 spem
797 3675 827 3724 et
849 3662 955 3724 firmus
984 3660 1129 3737 adversis,

143 3765 158 3786 ‘
197 3765 321 3832 dimisso
336 3789 416 3852 equo
430 3765 524 3848 pedes
538 3776 607 3832 aute
621 3764 733 3839 vexilla
747 3763 881 3866 epnstitit
