2730 4308
552 373 723 416 remcort.
901 339 907 349 ’
1072 356 1113 414 47

171 520 292 588 Nerone
314 535 497 604 temporum,
521 521 634 605 quibus
656 522 763 584 inertia
789 541 844 602 pro
873 521 1022 602 sapientia
1043 519 1103 583 fuit

168 623 257 688 Idem
275 635 435 705 praeturae
450 637 536 687 tenor
550 635 581 686 et
596 615 752 686 silentium
765 644 773 699 ;
795 642 854 684 nec
869 623 952 684 enirn
971 621 1112 706 jurisdic·

168 727 210 788 tio
226 725 408 789 obvenerat:
432 724 521 788 ludos
544 737 575 787 et
596 725 697 786 inania
719 723 842 786 honoris
864 722 967 786 medio
988 723 1114 785 rationis

168 841 260 910 atque
282 825 485 890 abundantiae
499 825 596 902 duxit,
612 826 657 889 uti
671 825 763 908 longe
778 846 796 887 a
810 824 940 900 luxuria,
957 824 999 886 ita
1013 822 1113 887 famae

168 930 297 1010 propior.
342 921 429 992 'I’urn
457 927 576 990 electus
598 949 617 990 a
640 925 740 989 Galba
762 926 801 988 ad
822 925 902 988 dona
929 925 1113 1007 templorum

161 1029 424 1113 recognoscenda,
446 1028 682 1112 diligentissima
710 1027 933 1110 conquisitione
962 1025 1045 1104 fecit,
1074 1047 1113 1090 ne

169 1131 257 1215 cujus
281 1132 407 1195 alterius
437 1131 633 1213 sacrilegium
655 1129 840 1213 respublica,
864 1151 958 1211 quarn
980 1127 1113 1192 Neronis

170 1217 328 1294 sensisset.
734 1279 736 1286 ι

212 1332 287 1396 VII.
309 1333 451 1416 Sequens
466 1353 564 1395 annus
578 1333 663 1416 gravi
678 1332 804 1395 vulnere
820 1333 959 1394 animum
973 1331 1113 1396 domum-

169 1455 231 1518 que
246 1435 314 1518 ejus
328 1433 450 1498 afflixit:
459 1443 545 1498 'narn
559 1435 668 1497 classis
684 1433 866 1510 Othoniana,
883 1433 1011 1499 licenter
1024 1456 1112 1518 vaga,

169 1536 244 1600 dum
259 1535 437 1600 Intemelios
451 1535 613 1620 (Liguriae
638 1558 709 1618 pars
736 1537 798 1616 est)
813 1534 963 1600 hostiliter
987 1537 1114 1621 popula·

168 1649 226 1714 tur,
255 1651 385 1702 matrem
412 1638 576 1722 Agricolae
605 1639 638 1700 in
669 1637 802 1719 praediis
840 1639 905 1701 suis
941 1637 1112 1701 interfecit:

168 1740 352 1824 praediaque
368 1741 435 1822 ipsa
450 1753 481 1804 et
494 1761 638 1824 magnum
658 1741 831 1821 patrimonii
845 1751 965 1825 partem
978 1739 1112 1820 diripuit,

168 1863 247 1924 quae
263 1863 359 1905 causa
380 1841 485 1906 caedis
500 1841 609 1906 fuerat.
637 1844 639 1848 ’
654 1841 753 1926 Igitur
767 1842 806 1904 ad
821 1842 970 1905 solemnia
991 1843 1113 1923 pietatis

168 1942 323 2024 profectus
359 1943 514 2027 Agricola,
551 1927 661 2006 nuntio¹
697 1943 831 2006 affectati
867 1965 886 2006 a
922 1942 1114 2028 Vespasiano

169 2045 288 2127 imperii
309 2029 520 2126 deprehensus
542 2066 579 2106 ac
602 2045 705 2107 statim
726 2045 759 2106 in
780 2055 882 2124 partes
904 2055 1114 2126 transgressus

169 2159 226 2210 cst.
281 2147 373 2210 Initia
406 2146 594 2226 principatus
622 2165 660 2207 ac
688 2155 803 2206 statum
833 2144 918 2206 urbis
949 2143 1115 2206 Mucianus

168 2247 304 2330 regebat,
329 2245 446 2328 juvene
471 2241 636 2307 admodum
659 2243 839 2306 Domitiano
867 2256 963 2306 etex
990 2257 1115 2327 paterna

168 2346 289 2411 fortuna
311 2356 431 2408 tantum
453 2344 611 2408 licentiam
638 2355 817 2425 usurpante.
861 2344 893 2408 Is
919 2331 1052 2408 missum
1077 2345 1114 2408 ad

168 2448 310 2512 delectus
339 2445 474 2530 agendos
504 2445 682 2530 Agricolam
708 2447 897 2530 'integreque
926 2468 963 2510 ac
992 2459 1115 2510 strenue

167 2562 333 2626 versatum,
362 2549 528 2611 vicesimae
557 2546 680 2632 legioni,
707 2547 792 2611 tarde
821 2549 860 2612 ad
889 2561 1115 2613 sacramentum

169 2664 387 2736 transgressae,
407 2651 593 2735 praeposuit,
608 2650 663 2714 ubi
685 2650 832 2716 decessor
853 2653 998 2716 seditiose
1021 2673 1114 2736 agere

169 2753 362 2815 narrabatur:
386 2753 500 2834 quippe
523 2751 631 2834 legatis
647 2773 770 2835 quoque
793 2753 1005 2817 consularibus
1020 2754 1115 2816 nimia
1175 2786 1177 2790 ·

169 2875 205 2916 ac
220 2853 415 2918 formidolosa
437 2865 511 2916 erat.
555 2852 626 2916 Nec
647 2853 769 2937 legatus
793 2857 962 2935 praetorius
977 2855 1015 2918 ad
1031 2855 1114 2921 colii÷

168 2955 303 3018 bendum
317 2967 438 3036 potens,
454 2955 616 3029 incertum,
633 2975 691 3016 suo
706 2977 745 3017 an
759 2955 893 3018 militum
908 2957 1049 3039 ingenio:
1073 2958 1115 3018 ita

170 3076 333 3117 successor
346 3053 440 3116 slmul
455 3065 485 3116 et
499 3053 580 3150 ultor
594 3053 722 3131 electus,
738 3057 894 3118 rarissima
908 3055 1115 3120 moderatione

170 3154 279 3218 maluit
292 3153 388 3218 videri
403 3155 559 3218 invenisse
574 3154 681 3231 bonos,
697 3177 790 3239 quam
804 3155 928 3220 fecisse.

211 3254 304 3318 VIII.
332 3253 479 3318 Praeerat
512 3268 586 3319 tunc
615 3255 789 3320 Britanniae
818 3257 940 3322 Vettius
978 3257 1115 3320 Bolanus

170 3357 331 3444 placidius
362 3376 456 3439 quam
482 3356 577 3422 feroci
604 3359 761 3440 provincia
784 3359 913 3443 dignum
938 3376 1007 3420 est:
1038 3371 1114 3420 tem-

170 3461 287 3542 peravit
301 3457 446 3542 Agricola
462 3459 523 3522 vim
538 3481 627 3523 suom
642 3459 842 3544 ardoremque
858 3460 1059 3540 compescuit,
1075 3481 1113 3522 ne

171 3563 373 3636 incresceret3
397 3559 513 3640 peritus
535 3560 664 3644 obsequi
679 3561 879 3642 eruditusque
894 3559 982 3622 utilia
1004 3559 1116 3622 hones·

172 3665 210 3726 tis
245 3662 388 3726 miscere.
453 3658 545 3723 Brevi
580 3661 690 3725 deinde
729 3660 885 3724 Britannia
922 3661 1114 3727 consularem

171 3763 318 3828 Petilium
335 3761 490 3826 Cerialem
513 3765 642 3844 accepit.
687 3763 872 3826 Habuerunt
894 3765 1022 3826 virtutes
1046 3784 1111 3844 spa·
