2730 4308
560 395 731 442 roarcorn.
1074 383 1117 442 49

142 524 148 565 ‘
172 545 335 631 aliquando
347 558 382 609 ot
395 544 499 630 elegit.
544 544 666 610 Consul
687 547 831 631 egregiae
852 558 919 611 turn
941 529 1118 629 speifiliam

178 648 286 733 juveni
300 647 376 712 mihi
391 647 553 730 despondit
574 670 611 711 ac
632 647 923 729 postconsulatum
944 648 1114 726 collocavit,

171 761 203 813 et
217 750 320 814 statim
334 748 470 814 Britanni
492 771 509 813 e
531 751 723 832 praepositus
746 763 804 828 est,
819 750 938 835 adjecto
958 751 1116 834 pontifice·
1224 767 1232 786 ⁴

171 863 221 916 tus
236 851 417 915 sacerdotio.
444 771 519 952 Ay,
1122 865 1130 880 ·

213 951 256 1018 Χ.
278 951 454 1018 Britanniae
470 955 565 1018 situm
579 954 782 1039 populosque,
797 953 903 1018 multis
918 956 1116 1038 scriptoribus

170 1067 357 1120 memoratos
395 1077 457 1119 non
485 1057 518 1120 in
549 1058 808 1139 comparationem
843 1077 936 1121 curae
964 1058 1117 1142 ingeniive

172 1157 322 1234 referam3
347 1157 404 1220 sed
425 1157 499 1241 quia
519 1169 588 1221 turn
608 1158 744 1243 primurn
764 1158 935 1240 perdomita
962 1168 1019 1222 est.
1066 1159 1116 1222 Ita

172 1279 253 1340 qnae
312 1257 433 1341 priores
486 1255 622 1321 nondum
671 1272 828 1340 comperta
853 1259 1027 1343 eloquentia
1048 1281 1117 1345 per·

172 1357 307 1433 coluere,
329 1378 433 1420 rerum
455 1358 515 1421 fide
537 1358 702 1422 tradentur.
746 1357 913 1435 Britannia,
936 1359 1105 1423 insularum

172 1479 251 1541 quas
266 1456 409 1522 Romana
429 1459 535 1522 notitia
557 1459 781 1541 complectitur,
797 1461 941 1537 maxima,
958 1461 1058 1546 spatio
1079 1481 1117 1524 ae

172 1558 259 1622 coelo
288 1559 320 1625 in
350 1559 499 1624 orientem
528 1559 723 1637 Germaniae,
754 1562 785 1624 in
819 1561 1011 1626 occidentem
1039 1561 1116 1625 His-

171 1662 279 1742 paniae
302 1661 494 1725 obtenditur:
519 1661 619 1725 Gallis
641 1662 673 1725 in
694 1663 856 1728 meridiem
877 1665 971 1728 etiam
992 1664 1113 1746 inspici-

171 1775 239 1826 tur:
270 1763 531 1845 septemtrionalia
552 1763 630 1849 ejus,
652 1765 746 1829 nullis
776 1779 880 1830 contra
907 1768 1006 1843 terris,
1029 1779 1116 1830 vasto

171 1878 263 1949 atque
283 1879 389 1950 aperto
410 1867 487 1930 mari
508 1866 679 1948 pulsantur.
722 1865 868 1932 Formam
888 1869 981 1933 totius
997 1867 1116 1932 Britan·

171 1969 241 2032 niae
279 1965 387 2032 Livius
423 1981 573 2045 veterum,
604 1966 721 2031 Fabius
758 1967 910 2034 Rusticus
946 1971 1116 2033 recentium

171 2070 418 2154 eloquentissimi
440 2082 591 2146 auctores,
608 2070 756 2153 oblongae
772 2069 913 2134 scutulae
927 2069 978 2134 vel
992 2070 1116 2151 bipenni

170 2171 412 2236 assimulavere:
436 2183 468 2234 et
481 2182 530 2234 est
543 2191 582 2233 ea
595 2170 692 2233 facies
714 2170 790 2233 citra
808 2169 1020 2246 Caledoniam,
1034 2170 1117 2233 unde

167 2286 204 2356 ¹et
218 2274 250 2336 in
263 2273 444 2335 universum
457 2271 541 2333 fama
555 2281 604 2334 est
617 2283 830 2354 transgressa:
854 2270 910 2334 sed
930 2271 1117 2335 immensum

172 2386 204 2437 et
219 2393 343 2436 enorme
367 2371 500 2456 spatium
521 2373 767 2456 procurrentium
782 2385 918 2436 extremo
938 2372 1003 2457 jam
1017 2372 1115 2436 littore

172 2489 331 2550 terrarum,
360 2473 447 2537 velut
473 2473 506 2536 in
534 2495 670 2538 cuneum
705 2485 856 2538 tenuatur.
911 2473 1005 2538 Hane
1032 2495 1116 2539 oram

171 2576 332 2641 novissimi
360 2576 455 2640 maris
483 2587 556 2640 tunc
587 2576 723 2658 primum
751 2575 893 2641 Romana
921 2576 1031 2640 classis
1059 2579 1117 2643 cir·

172 2691 334 2742 cumvecta
368 2676 502 2742 insulam
518 2724 523 2734 .
538 2699 609 2742 esse
645 2677 835 2744 Britanniam
870 2677 1042 2756 affirmavit,
1079 2699 1116 2744 ae

173 2779 263 2843 simul
287 2780 457 2864 incognitas
476 2778 516 2842 ad
536 2779 568 2842 id
590 2791 713 2861 tempus
734 2778 861 2856 insulas,
877 2799 955 2863 quas
979 2779 1116 2844 Orcadas

173 2891 291 2957 vocant,
314 2881 430 2944 invenit
457 2880 649 2964 domuitque.
693 2879 843 2961 Dispeeta
871 2892 920 2942 cat
948 2892 979 2943 et
1000 2879 1115 2959 Thule,

173 2981 407 3048 namhaeten'us
418 2982 592 3068 jussum,et
605 2981 706 3044 hiems
734 2981 919 3062 appetebat:
948 2981 1005 3045 sed
1031 3003 1116 3046 mare

172 3083 295 3165 pigrum
323 3095 355 3146 et
381 3103 474 3165 grane
499 3082 739 3166 remigantibus;
762 3081 922 3164 perhibent
949 3105 988 3147 ne
1016 3087 1116 3148 ventis

172 3180 299 3266 quidem
327 3182 451 3264 perinde
477 3182 591 3246 attolli:
621 3183 723 3259 credo,
750 3185 833 3268 quod
860 3187 990 3250 rariores
1018 3199 1116 3249 terrae

173 3293 365 3366 montesque,
380 3303 476 3346 causa
489 3305 526 3347 ac
539 3285 667 3348 materia
679 3297 908 3367 tempestatum,
921 3298 953 3350 et
966 3285 1116 3370 profunda

174 3384 273 3451 moles
303 3385 439 3448 continui
467 3387 560 3448 maris
589 3386 705 3450 tardius
733 3387 909 3469 impellitur.
963 3385 1114 3450 Naturam

175 3486 294 3552 Oceani
308 3497 400 3570 atque
422 3499 527 3550 aestus
543 3509 649 3571 neque
664 3509 811 3571 quaerere
833 3487 926 3570 hujus
941 3489 1041 3572 operis
1056 3501 1114 3565 est,

173 3609 210 3654 ee
224 3589 314 3653 multi
325 3565 488 3666 retulere:
511 3611 609 3652 unum
630 3590 821 3654 addiderim:
848 3597 1002 3672 nusquam
1023 3589 1114 3654 latius

173 3687 322 3754 dominari
350 3711 445 3768 mare,
474 3689 607 3754 multum
634 3690 798 3754 fluminum
826 3689 887 3753 huc
915 3701 1007 3774 atque
1041 3689 1115 3756 illuc

175 3787 262 3869 lene,
285 3813 343 3856 nec
364 3791 464 3858 littore
486 3803 577 3856 tenus
603 3813 780 3856 accrescere
803 3803 856 3856 aut
876 3792 1036 3868 resorberi,
1060 3793 1114 3860 sed
