2730 4308
575 377 745 422 rearcocr.
1096 364 1135 422 59

195 527 301 592 castris
323 526 419 609 pedes
441 547 598 611 equesque
614 539 645 590 et
658 527 800 590 nauticus
822 526 922 602 mileo,
938 526 1025 591 mixti
1040 527 1136 609 copiis

193 641 223 692 et
248 628 373 705 laetitia,
390 650 447 690 sua
467 629 599 713 quisque
620 626 710 704 facta,
734 633 808 690 suos
832 649 924 692 casus
946 627 1134 694 attollerent:

193 752 229 792 ac
253 729 346 793 medo
369 730 515 793 silvarum
535 749 572 792 ac
591 730 742 792 montium
767 729 928 810 profunda,
943 729 1036 794 modo
1058 743 1135 794 teru-

193 843 346 912 pestatum
372 853 417 920 acy
433 831 585 902 fluctuum
613 829 750 906 adversa,
773 830 845 894 hinc
873 843 953 894 terra
973 843 1005 894 et
1026 831 1133 908 hostis,

192 932 264 996 hinc
297 930 409 1002 vietus
428 931 575 996 Oceanus
602 932 724 996 militari
749 931 896 1016 jactantia
924 955 1134 1015 compararen-

181 1045 250 1100 tur.
271 1081 273 1090 .
294 1033 458 1098 Britannos
487 1053 621 1118 quoque,
650 1046 685 1098 ut
714 1055 753 1098 ex
780 1035 909 1116 captivis
944 1035 1134 1112 audiebatur,
1238 1093 1245 1108 ,

195 1137 258 1199 risa
286 1135 395 1199 classis
425 1133 699 1216 obstupefaciebat,
721 1145 878 1218 tanquam,
908 1149 1012 1217 aperto
1040 1137 1134 1200 maris

195 1237 242 1300 rui
270 1247 398 1312 secreto,
427 1236 572 1300 ultimum
587 1235 691 1306 ¹victis
726 1235 903 1320 perfugium
931 1236 1134 1303 clauderetur.

195 1337 244 1400 Ad
270 1348 441 1404 manuset
462 1359 546 1402 arma
573 1337 713 1401 conversi
737 1335 939 1402 Caledoniam
966 1337 1134 1402 incolentes

182 1437 307 1520 populi,
329 1449 437 1520 paratu
461 1459 583 1522 magno,
605 1437 719 1523 majore
741 1436 833 1515 fama,
855 1438 901 1502 uti
928 1460 997 1502 mos
1026 1450 1074 1502 est
1095 1439 1134 1502 de

181 1540 313 1623 ignotis,
338 1561 533 1624 oppugnasse
554 1539 643 1616 ultro,
667 1539 794 1604 castella
819 1539 926 1618 adorti,
948 1552 1077 1618 metum,
1100 1553 1134 1606 ut

191 1653 399 1732 provocantes,
416 1641 608 1707 addiderant:
631 1641 926 1726 regrediendumque
942 1643 1019 1708 citra
1032 1641 1133 1708 Bodo-

191 1744 288 1820 triam,
304 1743 561 1815 eoexcedendum
583 1729 805 1830 potiusquam
818 1744 1012 1830 pellerentur,
1029 1745 1133 1826 specie

190 1845 386 1929 prudentium
400 1847 503 1930 ignavi
525 1846 750 1910 admonebant:
772 1869 845 1911 cum
867 1848 988 1911 interim
1003 1869 1133 1932 cognos-

191 1948 243 2010 cit¹
261 1947 364 2012 hostes
398 1948 539 2030 pluribus
568 1949 743 2032 agminibus
772 1949 951 2030 irrupturos.
1006 1949 1065 2024 Ac,
1094 1970 1133 2012 ne

191 2061 353 2130 superante
382 2071 511 2114 numero
540 2062 571 2112 ct
599 2049 707 2131 peritia
742 2048 882 2111 locorum
911 2038 1131 2125 circumiretur,

190 2150 288 2214 diviso
302 2164 334 2215 et
348 2152 415 2233 ipse
429 2151 461 2214 in
475 2163 538 2214 tres
552 2163 654 2232 partes
675 2149 811 2212 exercitu
826 2150 964 2212 incessit.
1117 2149 1168 2225 β

232 2249 356 2316 XXVI.
379 2249 474 2324 Quod
498 2250 553 2313 ubi
576 2251 734 2338 cognitum
758 2247 848 2324 hosti,
870 2261 987 2313 mutato
1008 2263 1133 2330 repente

190 2351 329 2426 consilio,
345 2350 481 2414 universi
502 2365 618 2414 nonam
635 2350 800 2434 legionem,
815 2363 851 2415 ut
871 2350 1005 2414 maxime
1028 2351 1134 2416 {nvait

121 2462 124 2468 '
191 2453 271 2530 darn,
295 2464 384 2516 nocte
409 2452 558 2536 aggressi,
574 2452 653 2516 inter
678 2473 821 2516 somnum
843 2473 880 2515 ac
902 2453 1131 2535 trepidationem

191 2555 290 2618 caesis
317 2553 473 2639 vigilibus,
502 2555 648 2637 irrupere.
692 2553 826 2638 Jamque
855 2556 887 2618 in
918 2555 1006 2640 ipsis.
1023 2560 1132 2623 castris

191 2656 374 2742 pugnabant,
390 2678 463 2720 cum
484 2656 639 2741 Agricola,
655 2657 713 2722 iter
733 2656 868 2722 hostium
884 2657 922 2720 ab
938 2657 1131 2741 exploraturi:

191 2759 248 2822 bus
274 2758 402 2823 edoctus
418 2771 447 2822 et
461 2759 601 2842 vestigiis
627 2760 796 2834 insecutae,
812 2758 1024 2824 uelocissimos
1046 2761 1131 2842 equi-

192 2871 255 2922 tum
282 2859 483 2943 peditumque
508 2860 658 2924 assultare
687 2860 781 2942 tergis
806 2861 1008 2943 pugnantium
1033 2860 1129 2943 jubet,

191 2983 262 3028 mox
275 2962 314 3026 ab
328 2962 480 3025 universis
503 2961 593 3045 adjici
615 2961 800 3038 clamorem3
824 2974 855 3024 et
870 2963 1040 3046 propinqua
1061 2963 1130 3026 luce

192 3062 304 3127 fulsere
331 3063 437 3145 signa:
461 3063 504 3123 ita
531 3062 656 3142 ancipiti
685 3061 766 3125 rnalo
795 3063 889 3128 territi
920 3061 1077 3126 Britanni:
1102 3076 1130 3128 et

193 3161 341 3228 Romanis
355 3162 433 3225 redit
454 3162 586 3237 animus,
603 3183 650 3239 ac,
667 3164 768 3228 securi
785 3185 840 3246 pro
858 3164 961 3238 solute,
983 3165 1019 3224 de
1036 3165 1130 3248 gloria

192 3262 356 3326 certabant.
400 3261 489 3326 Ultro
502 3263 577 3345 quin
599 3263 691 3326 etiarn
706 3285 853 3346 erupere:
877 3277 908 3328 et
921 3265 980 3326 fuit
994 3276 1079 3326 atrox
1100 3265 1129 3326 in

189 3363 267 3450 ipsis
289 3376 444 3448 porterum
472 3364 621 3446 angustiis
643 3365 804 3448 proelium,
827 3364 925 3427 donec
950 3363 1032 3443 pulsi
1061 3363 1117 3426 hos

191 3487 259 3543 tes3
281 3477 412 3549 utroque
434 3467 570 3529 exercitu
592 3479 737 3543 certante,
760 3467 817 3542 his,
842 3478 877 3528 ut
898 3464 1007 3527 tulisse
1030 3485 1128 3544 openr,

193 3565 260 3644 illis,
275 3589 315 3630 ne
337 3565 462 3650 eguisse
485 3551 598 3629 auxilio
619 3567 804 3630 viderentur.
849 3563 942 3638 Quod
963 3565 1023 3628 nisi
1044 3564 1129 3646 palu-

190 3666 244 3734 des
266 3680 298 3733 et
322 3669 416 3732 silvae
439 3667 592 3752 fugientes
615 3670 774 3744 texissent,
789 3665 977 3730 debellatum
1003 3666 1055 3732 illa
1068 3668 1128 3731 vic·

190 3772 265 3838 toris
277 3770 364 3836 foret.
