2730 4308
250 349 291 409 20
561 367 592 408 c.
615 365 712 408 coar.
736 365 873 408 rrcrros

248 503 375 589 cipuum
396 503 569 588 flagitium;
592 526 651 569 nec
677 516 730 568 aut
753 505 847 567 sacris
868 503 988 580 adesse,
1010 514 1064 568 aut
1087 509 1176 570 conci

237 604 323 692 lium
350 597 436 682 inire,
478 607 682 689 ignominioso
718 604 791 683 fas;
827 605 978 690 multique
1007 609 1186 688 superstites

247 704 396 767 bellorum
411 705 569 781 infamiam
583 705 694 789 laqueo
709 706 862 770 finierunt.
1041 715 1086 778 r'e.

288 804 362 868 VII.
387 805 493 890 Reges
517 829 556 869 ex
579 808 746 882 nobilitate,
761 807 857 871 duces
871 829 911 870 err
924 808 1035 870 virtute
1052 821 1178 872 sumunt

251 905 316 970 Nec
331 909 456 991 regibus
472 909 589 971 infinita
609 920 662 972 aut
683 907 779 971 libera
800 921 955 989 potestas:
979 920 1011 971 et
1024 908 1122 973 duces
1137 932 1175 974 cx

247 1008 348 1093 amplo
362 1009 475 1090 potiuS,
491 1031 585 1093 quam
602 1009 752 1090 imperio,
775 1011 800 1072 si
816 1011 958 1095 prompti,
975 1011 1002 1074 si
1016 1012 1186 1096 conspicui,

247 1111 274 1172 si
288 1122 358 1173 ante
380 1111 479 1174 aciem
500 1123 601 1194 agant,
617 1111 816 1174 admiratione
838 1123 995 1195 praesunt.
1040 1111 1186 1178 Ceterum

247 1232 346 1295 neque
383 1211 625 1276 animadvertere
660 1233 763 1297 neque
798 1212 923 1289 vincire,
953 1232 992 1275 ne
1033 1212 1187 1276 rerbcrara

246 1315 382 1398 quidem,
408 1315 467 1378 nisi
492 1313 702 1378 sacerdotibus
727 1314 937 1400 permissum3
960 1336 1021 1377 non
1046 1315 1135 1398 quasi
1157 1315 1186 1378 in

246 1437 386 1496 poenam,
412 1437 471 1479 nec
491 1415 581 1480 ducis
606 1415 708 1500 jussu,
735 1415 792 1478 scd
816 1414 902 1478 velut
923 1415 983 1478 deo
1006 1417 1184 1497 imperante,

246 1539 340 1600 quem
353 1517 464 1580 adesse
479 1516 665 1580 bellantibus
682 1515 831 1580 credunt:
856 1515 1038 1602 effigiesque
1054 1529 1085 1580 et
1101 1518 1184 1602 signa

246 1617 408 1701 quaedam,
432 1618 568 1681 detracta
589 1617 679 1693 lucis,
703 1618 736 1680 in
758 1618 909 1698 proelium
927 1615 1037 1681 lerunt.
1082 1617 1186 1692 Quod·

247 1740 307 1802 que
335 1719 537 1800 praecipuum
565 1717 751 1783 fortitudinis
780 1719 1014 1783 incitamentum
1043 1733 1100 1797 est,
1129 1742 1186 1782 non

247 1842 338 1883 casus
367 1841 425 1884 nec
453 1819 577 1884 fortuita
601 1819 794 1906 conglobatio
818 1833 951 1884 turmam
979 1834 1033 1885 aut
1055 1843 1186 1886 cuneum

247 1921 329 1998 facit,
358 1921 414 1985 sed
442 1920 575 1985 familiae
604 1935 636 1985 et
660 1923 913 2007 propinquitates,
938 1935 969 1986 et
993 1923 1023 1986 in
1052 1923 1188 2004 proximo

247 2025 383 2108 pignora,
398 2023 480 2087 unde
494 2022 679 2087 seminamm
697 2023 833 2088 ululatus
849 2023 956 2100 audiri,
972 2023 1054 2086 unde
1068 2025 1188 2108 vagitus

248 2125 430 2191 infantium:
457 2125 488 2188 hi
514 2125 628 2209 cuique
654 2125 840 2190 sanctissimi
869 2137 974 2201 testes,
1004 2125 1035 2188 hi
1063 2125 1189 2188 maximi

247 2228 429 2292 laudatores.
472 2225 523 2290 Ad
545 2240 669 2302 matres,
690 2227 728 2291 ad
750 2227 898 2312 conjuges
920 2226 1046 2290 vulnera
1067 2225 1188 2302 ferunt;

247 2353 305 2394 nec
333 2331 402 2394 illae
431 2351 604 2404 numerare,
629 2341 683 2392 aut
709 2330 831 2413 exigere
857 2329 963 2413 plagas
989 2341 1123 2413 pavent;
1146 2328 1189 2392 ci·

248 2433 365 2512 bosque
380 2443 411 2492 et
424 2429 595 2492 hortamina
608 2431 817 2512 pugnantibus
831 2442 963 2512 gestant.

291 2529 382 2593 VllI.
406 2526 576 2592 Memoriae
591 2528 736 2609 proditur,
752 2529 904 2611 quasdam
918 2529 1014 2604 acies,
1030 2523 1190 2592 inclinatas

254 2632 319 2716 jam
341 2642 373 2694 et
396 2629 579 2706 labantes,a
602 2627 727 2692 seminis
751 2630 917 2705 restitutas,
933 2630 1102 2692 constantia
1122 2653 1176 2712 pre

249 2755 322 2798 cum
337 2745 368 2797 et
383 2731 504 2816 dijecto
518 2743 678 2812 pectorum
701 2742 732 2793 ct
752 2742 919 2794 monstrata
933 2732 1074 2795 cominus
1095 2733 1191 2814 capti-

248 2838 351 2912 vitate,
378 2855 472 2919 quaur
494 2834 587 2917 longe
610 2833 819 2914 impatientius
849 2831 1034 2898 feminarum
1063 2855 1189 2896 suarum

133 2931 145 2948 '
249 2939 372 3001 nomine
394 2938 524 3001 timent:
554 2934 631 2999 adeo
653 2947 689 2998 ut
713 2933 871 2998 efficacius
897 2935 1070 3020 obligentur
1097 2935 1189 2998 animi

249 3040 418 3115 civitatum,
434 3036 547 3121 quibus
562 3037 640 3100 inter
654 3035 778 3100 obsides
795 3035 917 3118 puellae
933 3057 1056 3120 quoquc
1072 3034 1189 3126 nobiles

251 3141 445 3222 imperantur.
490 3138 598 3202 Inesse
626 3139 701 3221 quin
730 3138 823 3202 etiarn
852 3151 993 3202 sanctum
1021 3136 1138 3220 aliquid
1159 3149 1189 3200 et

250 3243 408 3325 providum
423 3253 552 3326 putant:
576 3261 635 3303 nec
650 3253 703 3303 aut
717 3240 846 3303 consilia
860 3261 965 3304 earum
980 3250 1188 3320 aspernantur,

250 3358 302 3408 aut
329 3364 477 3424 responsa
503 3341 673 3426 negligunt.
718 3339 861 3404 Vidimus
890 3342 948 3404 sub
976 3341 1047 3404 divo
1071 3339 1189 3419 Vespa·

250 3449 335 3510 siano
362 3443 513 3508 Veledam
542 3442 596 3504 diu
624 3441 705 3522 apud
741 3439 906 3525 pleroseue
942 3441 1077 3504 numinis
1120 3438 1188 3500 loco

250 3547 393 3612 habitam.
437 3542 503 3608 Sed
526 3554 558 3605 et
581 3541 653 3606 olim
676 3542 837 3604 Auriniam
861 3554 892 3605 et
915 3541 1089 3622 complures
1115 3539 1188 3602 aliar

249 3648 382 3712 venerati
406 3657 478 3710 sunt
499 3665 560 3707 non
589 3643 773 3720 adulatione,
796 3663 856 3706 nec
883 3656 1029 3727 tanquam
1055 3639 1187 3704 facerent

247 3749 322 3813 deas
