2730 4308
572 371 743 415 iosrooui.
1093 352 1134 410 45

188 521 369 604 superstites
396 541 514 596 sumus,
543 519 695 601 exemptis
716 539 733 582 e
756 515 859 581 media
879 516 943 580 vita
969 527 1014 580 tot
1035 516 1132 592 eneis,

188 623 300 707 quibus
323 623 453 707 juvenes
475 621 514 685 ad
536 633 738 695 senectutem,
755 640 845 682 senes
871 637 966 704 prope
987 615 1028 680 ad
1048 617 1132 699 ipsos

189 735 314 787 exactae
329 725 437 786 aetatis
458 723 605 786 terminos
617 743 673 802 per
693 720 850 784 silentium
863 721 1016 784 venimus.
1060 717 1132 782 Non

189 837 291 888 tamen
315 824 433 910 pigebit
445 823 496 888 vel
521 821 675 886 incondita
700 843 738 884 ac
758 821 828 885 rudi
850 842 927 885 uoce
952 821 1132 885 memoriam

189 927 295 1007 prioris
309 926 463 989 servitutis
478 945 515 988 ac
529 925 738 988 testimonium
760 924 969 1006 praesentium
982 923 1133 986 bonorum
1239 991 1243 998 ⁸

188 1027 411 1109 composuisse.
465 1023 531 1090 Hic
551 1026 688 1088 'interim
722 1025 801 1089 liber
836 1024 941 1088 honori
970 1024 1133 1108 Agricolae

188 1129 287 1191 socer-i
302 1129 366 1192 mei
380 1128 560 1203 destinatus,
576 1126 767 1208 professione
786 1127 909 1208 pietatis
924 1138 978 1188 aut
990 1125 1131 1188 laudatus

129 1264 133 1270 ·
189 1229 246 1290 erit
260 1239 501 1291 autoxcusetus.
605 1287 607 1290 .

233 1325 291 1390 IV.
322 1327 455 1391 Cuneus
484 1327 598 1391 Juurus
627 1328 807 1403 Aculeone,
836 1327 931 1390 veteri
961 1338 993 1390 et
1023 1325 1131 1388 illustr'

195 1426 449 1512 Forojulieusium
476 1428 596 1491 colonia
623 1441 719 1504 ortus,
749 1440 915 1510 utrumque
943 1447 1036 1490 auum
1064 1447 1131 1507 pro-

190 1541 362 1592 curatorem
380 1528 553 1594 (laesarum
574 1529 699 1594 habuit:
722 1537 808 1614 quae
818 1529 970 1612 equestris
989 1527 1132 1592 nobilitas

190 1645 247 1694 est.
291 1630 388 1696 Pater
406 1621 514 1697 Julius>
525 1631 709 1708 Graecinus,
725 1631 869 1694 senatorii
890 1630 1014 1706 ordinis,
1031 1629 1133 1694 studio

194 1726 388 1812 eloquentiae
402 1724 633 1810 sapientiaeque
644 1733 748 1808 notus,
761 1725 862 1812 iisque
876 1725 954 1810 ipsis
964 1728 1133 1794 virtutibus

193 1824 271 1890 irem
280 1824 353 1890 unii
363 1823 671 1890 Caesarismeritus:
692 1843 826 1910 nemque
835 1822 881 1888 M.
893 1823 1035 1890 Silanum
1046 1849 1133 1892 aceu-

194 1943 263 1988 sere
272 1923 380 2010 jussus
403 1933 443 2004 ct,
457 1921 533 2008 quia
553 1921 712 2001 abnuerat,
727 1919 911 1986 interfectus
926 1931 983 1990 est.
1026 1923 1133 1990 Meter

192 2020 215 2099 J
217 2022 280 2087 ulia
293 2021 429 2088 Procilla
441 2021 510 2101 finit,
526 2040 617 2084 rarae
638 2018 815 2082 eastitatis:
837 2017 871 2082 iu
893 2019 987 2104 hujus
1002 2021 1073 2086 sinu
1087 2024 1132 2087 in·

194 2119 414 2205 dulgentieque
430 2118 585 2195 educatus,
601 2137 659 2199 per
671 2136 792 2178 omnem
804 2115 1005 2182 honestarum
1019 2120 1132 2184 artium

192 2218 310 2283 cultum
324 2215 490 2299 pueritiam
510 2211 813 2295 adolescentiamque
826 2213 990 2297 transegit
1034 2215 1132 2280 Arce·
1209 2293 1210 2296 Ἴ

192 2315 248 2384 bat
273 2335 344 2378 cum
357 2312 398 2376 ab
409 2309 569 2384 ,illecebris
583 2307 787 2393 peccantium,
807 2316 936 2392 praeter
958 2309 1059 2393 ipsius
1080 2315 1132 2380 be

187 2425 264 2476 'nem
273 2405 1131 2500 integramqucneturam,quodstatimpervulussedem

190 2531 228 2576 ec
256 2507 440 2595 magistram
467 2504 639 2576 studiorum
674 2503 851 2572 Massiliam
882 2505 1001 2588 habuit,
1029 2509 1144 2584 locum,

190 2606 312 2672 Graeca
339 2607 482 2674 comitate
511 2619 544 2671 et
569 2607 750 2694 provinciali
785 2607 972 2688 parsimonia
1003 2607 1131 2670 mistum

190 2729 225 2770 ue
239 2707 317 2772 bene
340 2709 557 2794 compositum.
600 2705 754 2772 Memoria
775 2721 865 2772 teneo
887 2708 1014 2772 solitum
1027 2708 1131 2792 ipsum

189 2831 319 2887 muare,
348 2831 383 2874 se
411 2811 443 2886 iu
470 2811 569 2894 prima
599 2811 726 2895 juvente
755 2809 890 2873 studium
919 2807 1131 2893 philosophiae

189 2911 300 2988 acrius,
322 2911 517 2997 ultraquam
545 2933 730 2974 concessum
755 2909 897 2986 Romano
926 2931 963 2974 ec
990 2911 1130 2984 senatori,

190 3010 388 3088 hausissem
409 3012 571 3094 prudentia
591 3013 696 3074 matris
718 3012 879 3074 incensum
900 3032 937 3074 ec
952 3010 1130 3094 flagrantem

189 3111 327 3178 aruinum
362 3113 560 3176 coercuisset.
616 3109 743 3174 Scilicet
775 3111 906 3176 sublime
935 3123 966 3176 et
995 3123 1130 3174 erectum

190 3211 348 3294 ingenium
366 3210 630 3294 pulchritudinem
652 3234 689 3274 ac
711 3213 848 3297 speciem
876 3212 1017 3276 excelsae
1046 3231 1119 3292 mag

190 3333 310 3396 necque
332 3312 446 3398 gloriae
468 3312 692 3400 vehementius,
708 3335 803 3396 quam
823 3327 923 3389 caute,
946 3310 1129 3391 appetebat:

191 3435 261 3480 mox
290 3409 441 3500 mitigavit
467 3416 543 3480 ratio
569 3428 600 3479 et
621 3429 726 3478 aetas:
755 3415 951 3498 retinuitque,
974 3411 1056 3493 quod
1084 3423 1129 3474 est

192 3516 416 3592 difficillimum,
431 3537 470 3580 ex
485 3517 634 3598 sapientia
649 3517 788 3582 modum.
822 3483 900 3594 *Q

231 3617 271 3683 V.
294 3617 401 3684 Prima
429 3630 599 3684 castrorum
626 3619 800 3684 rudimenta
821 3617 852 3679 in
874 3613 1031 3680 Britannia
1053 3613 1118 3678 Sue

191 3721 272 3782 tenio
293 3718 447 3796 Paullino,
462 3719 601 3804 diligenti
619 3743 656 3784 ac
677 3718 834 3786 moderato
847 3715 929 3794 duci,
945 3715 1123 3799 approbarit
1219 3797 1226 3808 .
