2730 4308
208 328 247 386 ta
530 343 559 383 c.
584 341 680 384 coan.
704 339 814 384 morri

205 490 334 566 electus
350 511 444 572 quem
465 488 664 555 contubernio
686 489 870 552 aestimaret.
915 486 985 551 Nec
1003 487 1145 572 Agricola

204 591 331 654 licenter
350 611 435 654 more
458 590 617 673 juvenum,
632 590 687 673 qui
707 590 847 653 militiam
862 591 894 652 in
907 589 1067 653 lasciviam
1081 611 1146 652 ver-

204 704 280 767 tunt,
310 712 411 774 neque
448 691 583 774 segniter
617 691 656 756 ad
683 691 854 772 voluptates
883 696 922 752 'et
956 702 1145 754 commeatus

204 793 327 856 titulum
354 792 526 856 tribunatus
556 804 587 855 et
614 793 767 856 inscitiam
795 791 917 856 retulit:
941 791 997 854 sed
1019 813 1145 854 noscero

203 895 400 975 provinciam,
430 893 517 957 nosci
546 895 704 967 exercitui,
734 893 854 956 discere
877 915 896 956 a
919 894 1034 974 pontis,
1058 893 1145 976 sequi

204 993 345 1078 optimos,
361 993 437 1057 nihil
451 1005 594 1075 appetere
617 993 792 1077 jactatione,
808 979 884 1058 nihil
898 994 938 1058 ob
952 991 1146 1057 formidinem

203 1116 356 1171 recusare,
386 1094 539 1178 simulque
551 1101 584 1156 et
598 1092 708 1158 anxius
723 1102 755 1158 et
766 1095 900 1160 intentus
929 1116 1031 1178 agere.
1074 1093 1146 1158 Non

203 1216 276 1259 sane
295 1196 371 1260 alias
394 1196 585 1260 exercitatior
605 1197 767 1282 magisque
784 1197 816 1260 in
830 1197 976 1280 ambiguo
991 1195 1145 1260 Britannia

205 1297 279 1362 luit:
303 1297 445 1364 trucidati
466 1298 611 1374 veterani,
635 1299 780 1361 incensae
808 1297 956 1373 coloniae,
986 1298 1145 1382 intercepti

203 1400 376 1477 exercitus;
399 1412 467 1464 tum
488 1399 527 1463 de
550 1399 658 1475 salute,
674 1421 747 1462 mox
767 1399 806 1462 de
827 1399 964 1474 victoria,
980 1411 1145 1462 certavere.

203 1499 293 1574 Quae
312 1511 433 1576 cuncta,
449 1501 507 1563 etsi
530 1500 666 1563 consiliis
688 1499 844 1581 ductuque
867 1499 992 1562 alterius
1014 1499 1147 1580 ageban-

203 1614 251 1664 tur
272 1622 309 1663 ac
332 1621 454 1664 summa
475 1621 579 1662 rerum
592 1607 625 1662 et
643 1607 839 1680 recuperatae
861 1598 1035 1679 provinciae
1050 1597 1146 1681 gloria

202 1703 233 1764 in
247 1700 361 1764 ducem
382 1700 486 1790 cessit,
502 1711 599 1762 artem
621 1710 652 1763 et
674 1719 768 1762 usum
789 1711 821 1762 et
843 1697 983 1762 stimulos
1001 1693 1146 1763 addiddre

207 1803 333 1887 juveni;
360 1802 542 1884 intravitque
567 1801 705 1864 animum
732 1799 872 1864 militaris
897 1800 1012 1884 gloriae
1034 1801 1146 1883 cupido

202 1906 320 1988 ingrata
346 1903 546 1983 temporibus,
575 1903 688 1985 quibus
725 1902 847 1966 sinistra
875 1923 948 1986 erga
976 1903 1145 1966 eminentes

202 2004 418 2087 interpretatio,
444 2026 503 2068 nee
530 2005 633 2068 minus
662 2003 835 2088 perieulum
861 2026 900 2069 ex
920 2026 1032 2089 magna
1053 2003 1144 2080 fama,

202 2129 296 2192 quam
311 2129 350 2172 ex
364 2107 455 2171 mala.

244 2209 302 2274 Vl.
332 2209 418 2274 Hinc
445 2209 485 2273 ad
513 2209 721 2291 capessendos
752 2209 949 2294 magistratus
978 2211 1010 2272 in
1038 2208 1144 2272 urbem

202 2311 371 2396 digressus,
387 2309 558 2374 Domitiam
578 2309 792 2386 Decidianam,
809 2311 977 2392 splendidis
992 2309 1144 2374 natalibus

202 2426 309 2488 ortam,
340 2411 399 2474 sibi
432 2412 556 2495 junxit3
586 2411 679 2494 idque
708 2413 937 2475 matrimonium
965 2412 1004 2474 ad
1031 2411 1145 2494 majora

202 2513 308 2576 nitenti
330 2511 427 2574 decus
456 2531 492 2572 ac
513 2510 606 2573 robur
629 2510 709 2586 fuit;
739 2512 940 2594 vixeruntque
968 2512 1046 2574 mira
1074 2534 1145 2575 con·

203 2613 315 2690 cordia,
345 2633 400 2694 per
427 2624 568 2676 mutuam
593 2612 750 2674 caritatem
779 2623 810 2674 et
838 2613 970 2675 invicem
999 2633 1033 2674 se
1062 2627 1145 2681 ante·

202 2715 362 2799 ponendo:
386 2714 445 2776 nisi
468 2711 550 2796 quod
572 2713 604 2774 in
626 2712 706 2774 bona
727 2733 821 2775 uxore
843 2724 927 2776 tanto
948 2713 1045 2798 major
1066 2713 1144 2791 laus,

203 2827 317 2900 quanto
343 2817 376 2879 in
404 2813 486 2879 mala
518 2814 589 2899 plus
617 2813 727 2894 culpae
757 2824 814 2876 est.
860 2813 934 2877 Sors
963 2827 1145 2898 quaesturae

203 2918 391 3002 provinciam
419 2917 537 2992 Asiam,
566 2915 783 3001 proconsulem
818 2914 958 2980 Salvium
986 2915 1144 2980 Titianum

204 3019 307 3084 dedit:
330 3041 461 3103 quorum
489 3031 596 3082 neutro
625 3017 786 3103 corruptus
816 3030 882 3095 est;
912 3039 1088 3102 quanquam
1116 3030 1145 3080 et

204 3122 359 3204 provincia
373 3121 459 3184 dives
481 3141 518 3182 ac
540 3133 644 3206 parata
665 3120 877 3204 peccantibus,
891 3133 922 3182 et
936 3120 1100 3204 proconsul
1115 3121 1145 3182 in

204 3246 327 3289 omnem
355 3221 531 3286 aviditatem
557 3242 681 3302 pronuS,
711 3221 898 3303 quantalibet
926 3220 1070 3285 facilitate
1099 3243 1145 3284 rc·

205 3327 384 3406 dempturus
399 3337 483 3387 esset
497 3335 637 3384 mutuam
652 3320 929 3386 dissimulationem
943 3323 1026 3386 mali.
1062 3323 1145 3385 Auc-

206 3441 255 3492 tus
270 3439 318 3490 est
332 3427 375 3492 ibi
389 3425 462 3500 filia,
478 3425 509 3487 in
532 3423 706 3486 subsidium
724 3422 817 3488 simul
836 3433 868 3487 et
887 3424 1051 3488 solatium:
1075 3446 1145 3487 nam

205 3529 303 3592 filium
318 3541 388 3590 ante
412 3526 568 3590 sublatum
589 3525 674 3586 brevi
696 3525 808 3588 amisit.
853 3523 929 3587 Mox
947 3527 1024 3589 inter
1037 3547 1146 3608 quaes·

206 3642 306 3692 turam
327 3650 364 3692 ac
392 3628 579 3691 tribunatum
607 3625 707 3707 plebis
730 3638 821 3708 atque
851 3627 943 3688 etiam
970 3627 1073 3711 ipsum
1096 3627 1145 3699 tri·¹

206 3728 338 3793 bunatus
366 3749 481 3792 annum
510 3730 612 3812 quiete
642 3739 671 3790 et
701 3729 762 3789 otio
790 3728 916 3802 transiit,
947 3749 1060 3810 gnanrs
1089 3727 1142 3791 sub
