2730 4308
517 387 559 430 ou
582 389 760 435 ernustus.
1074 383 1112 440 19

173 530 299 607 vilitate,‘
310 551 404 614 quam
419 551 498 614 quae
512 529 608 594 humo
622 527 797 614 finguntur·
823 552 1000 614 quanquam
1021 554 1110 615 prox·

172 630 234 707 imi,
254 631 294 694 ob
316 652 409 694 usum
430 630 696 706 commerciorum,
713 651 822 694 aurum
844 642 875 693 et
897 644 1057 714 argentum
1079 634 1110 698 in

170 731 268 816 pretio
292 729 414 807 hebent,
440 729 618 813 formasque
643 729 792 814 quasdam
814 743 935 794 nostrae
960 734 1110 812 pecuniae

170 844 341 916 agnoscunt
376 844 468 916 atque
502 831 644 915 eligunt:
679 832 837 896 interiores
874 832 1044 913 simplicius
1080 852 1110 897 et

169 934 324 1018 antiquius
338 933 562 1015 permutatione
583 932 736 996 mercium
756 945 894 997 utuntur.
938 933 1109 998 Pecuniam

168 1035 296 1100 arebant
319 1047 457 1098 veterem
483 1045 514 1097 ct
535 1033 591 1097 diu
616 1045 729 1110 notam,
758 1048 889 1096 serratos
914 1033 1107 1119 bigatosque.

171 1137 341 1220 Argamum
378 1157 513 1220 quoque,
539 1133 639 1220 magis
668 1155 762 1218 quam
790 1157 900 1200 eurum
929 1149 1107 1220 sequuntur,

168 1239 252 1302 nulla
266 1239 429 1304 affectione
444 1238 550 1314 animi,
566 1237 622 1300 sed
636 1258 709 1321 qma
726 1259 874 1301 numerus
895 1251 1108 1322 argenteorum

169 1337 287 1402 facilior
297 1341 369 1404 usui
384 1352 432 1403 est
444 1340 621 1422 promiscue
635 1360 671 1403 ac
685 1337 757 1402 vilia
771 1339 989 1404 mercantibus.

210 1439 268 1504 VI.
291 1439 342 1504 Ne
366 1440 483 1504 ferrum
504 1439 630 1524 quidem
654 1437 819 1521 superest,
832 1440 912 1504 sieut
934 1463 974 1504 ex
994 1463 1107 1526 genere

168 1541 300 1607 telorum
314 1541 477 1628 colligitur.
504 1587 508 1594 -
522 1541 598 1606 Rari
612 1542 723 1627 gladiis
738 1555 791 1606 ent
805 1542 971 1628 majoribus
992 1542 1109 1608 lanceis

169 1656 316 1708 utuntur:
345 1644 459 1722 hastas,
482 1643 534 1708 rel
557 1645 694 1726 ipsorum
717 1643 869 1708 vocabulo
897 1643 1030 1710 frameas
1055 1670 1108 1731 ge-

167 1757 246 1834 runt,
262 1759 393 1831 angusto
418 1758 449 1809 et
468 1746 555 1809 brevi
577 1744 657 1809 ferro
679 1745 735 1809 sed
761 1746 804 1809 ita
826 1747 888 1811 acri
903 1759 934 1810 et
954 1746 994 1812 ad
1015 1771 1109 1812 usum

167 1845 271 1923 babili,
289 1859 324 1912 ut
345 1847 456 1911 eodem
477 1847 549 1923 telo,
564 1859 655 1928 prout
674 1848 752 1912 ratio
773 1849 882 1934 poscit,
898 1849 948 1913 vol
967 1851 1108 1914 cominus
1136 1861 1139 1866 '

166 1945 217 2010 vel
244 1949 366 2012 eminus
393 1960 557 2032 pugnent:
592 1960 623 2011 et
651 1969 748 2032 eques
778 1947 904 2033 quidem
932 1964 1020 2015 scuto
1048 1951 1108 2016 fra·
1150 2035 1151 2040 ἵ

166 2068 297 2134 meaque
322 2062 484 2113 contentus
510 2062 580 2112 est:
604 2048 724 2130 pedites
746 2063 778 2113 et
798 2051 928 2114 missilia
951 2066 1106 2137 spargunt,

166 2149 254 2230 plura
279 2149 401 2234 singuli,
428 2163 521 2233 atque
544 2150 577 2213 in
599 2149 787 2214 immensum
808 2150 936 2227 vibrant,
958 2153 1034 2215 nudi
1055 2165 1108 2216 aut

167 2251 276 2334 sagulo
300 2251 397 2314 leves.
441 2249 537 2313 Nulla
571 2249 674 2313 cultus
697 2249 843 2333 jactati03
876 2263 964 2314 scuta
989 2264 1107 2317 tantum

165 2350 344 2414 lectissimis
362 2350 516 2414 coloribus
538 2349 750 2434 distinguunt:
773 2351 881 2432 paucis
904 2351 1034 2416 loricae:
1056 2355 1107 2419 rix

164 2451 220 2514 uni
243 2449 368 2514 alterive
392 2451 490 2514 cassis
511 2449 686 2534 autgalea.
729 2449 815 2535 Equi
836 2473 894 2514 non
917 2450 1024 2530 forma,
1047 2476 1108 2518 non

165 2553 328 2616 velocitate
342 2550 525 2638 conspicui:
549 2553 604 2616 sed
619 2573 678 2616 nee
691 2553 808 2616 'variare
829 2575 921 2638 gyros
936 2555 967 2618 in
988 2577 1106 2623 morem

165 2666 304 2718 nostrum
317 2652 476 2718 docentur.
521 2652 558 2718 In
573 2665 703 2730 rectum,
719 2666 773 2718 aut
794 2675 857 2718 uno
878 2655 963 2720 flexu
984 2656 1105 2721 dextros

165 2767 261 2838 agunt
282 2756 325 2819 ita
348 2753 513 2839 conjuncto
535 2755 618 2832 orbe,
633 2767 669 2818 ut
691 2776 784 2848 nemo
805 2757 954 2837 posterior
976 2757 1025 2822 sit.
1069 2758 1105 2822 In

166 2857 345 2920 universum
370 2855 554 2931 aestimanti,
577 2854 649 2936 plus
677 2876 773 2938 penes
800 2854 938 2938 peditem
965 2857 1104 2922 roboris:

165 2978 264 3040 eoque
279 2957 367 3020 mixti
385 2954 581 3038 proeliantur,
596 2967 668 3038 apta
689 2969 721 3020 et
734 2970 920 3042 congruente
942 2959 981 3022 ad
996 2982 1106 3045 eques·
1214 2955 1227 2976 ’

167 3071 244 3121 trem
257 3079 394 3142 pugnem
407 3056 569 3123 velocitate
583 3057 733 3138 peditum,
749 3080 827 3143 quos
842 3080 882 3123 cx
897 3061 979 3124 omni
996 3061 1106 3146 juven·

167 3170 232 3222 tute
245 3157 382 3221 delectos
404 3169 474 3220 ante
496 3158 596 3222 aciem
616 3157 727 3223 locant.
770 3159 926 3225 Definitur
946 3175 977 3226 et
998 3147 1106 3226 nume-

165 3280 240 3323 rus:
271 3259 398 3322 centeni
420 3279 459 3322 ex
488 3259 619 3344 singulis
646 3261 735 3343 pagis
764 3275 858 3325 sunt:
888 3263 981 3346 idque
1003 3263 1104 3344 ipsum

166 3364 243 3424 inter
258 3380 332 3422 suos
346 3372 513 3438 vocantur,
536 3373 568 3424 et
581 3360 664 3445 quod
677 3362 777 3444 primo
798 3383 946 3426 numerus
962 3363 1028 3438 fuit,
1040 3362 1104 3447 jam

167 3483 277 3526 nomen
302 3473 334 3524 et
352 3461 450 3524 honor
471 3475 529 3525 est.
572 3464 668 3527 Acies
688 3486 745 3550 per
765 3486 881 3528 cuneos
903 3467 1096 3545 componitur

166 3563 286 3628 Cedere
309 3561 387 3639 loco,
410 3561 577 3626 dummodo
597 3585 704 3628 rursus
733 3565 839 3640 instes,
869 3564 990 3627 consilii
1012 3586 1104 3648 quam

167 3663 334 3728 formidinis
369 3663 560 3727 arbitrantur.
606 3665 744 3750 Corpora
780 3685 908 3728 suorum
944 3665 1038 3731 etiam
1072 3671 1104 3734 in

170 3764 266 3828 dubiis
291 3765 415 3847 proeliis
444 3765 590 3829 referunt.
650 3766 781 3830 Scutum
817 3765 989 3850 reliquisse,
1018 3791 1101 3852 pree-
