2730 4308
588 373 757 419 remcort.
1106 359 1147 418 5³

115 590 125 596 ,
209 521 338 607 Ῐυμωι
369 533 401 592 et
421 519 558 597 flumine,
587 541 649 584 non
671 519 808 598 Oceano,
830 517 970 586 defendi:
1006 520 1065 586 sibi
1093 543 1144 603 pa·

205 624 303 700 tuam,
326 622 483 706 conjuges,
505 634 657 704 parentes,
680 623 741 686 illis
763 623 920 686 avaritiam
942 633 973 688 et
992 622 1146 690 luxuriam

205 745 316 789 tensas
351 723 423 788 belli
459 743 540 788 esse.
605 722 810 800 Recessuros,
847 737 882 788 ut
915 723 1006 788 divus
1042 722 1145 788 Julius

204 824 395 900 recessisset,
417 823 509 887 modo
530 825 659 888 virtutes
686 823 836 908 majorum
862 845 989 888 snorum
1010 824 1145 888 aemula·

102 951 105 955 ·
204 937 316 989 rentur.
359 924 450 991 Neve
464 924 573 1006 proelii
586 925 680 988 unius
693 937 747 988 aut
763 925 888 989 alterius
903 937 1015 988 eventu
1036 945 1146 1007 paves·

156 1057 159 1062 ·
204 1043 328 1090 cerent:
365 1027 436 1111 plus
465 1027 608 1109 impetus,
628 1025 773 1110 majorem
806 1027 1018 1102 constantiam,
1047 1047 1145 1108 penes

204 1129 333 1192 miseros
347 1149 429 1191 esse.
473 1111 546 1190 lam
560 1125 776 1192 Britannorum
791 1129 884 1192 etiam
898 1127 973 1192 deos
995 1129 1144 1204 misereri,

35 1235 43 1243 ‘
93 1235 101 1244 '
204 1229 257 1311 qui
271 1228 449 1295 Romanum
463 1229 576 1294 ducem
596 1229 765 1305 absentem,
780 1229 835 1312 qui
855 1229 1026 1312 relegatum
1040 1230 1071 1292 in
1085 1229 1146 1292 alia

205 1328 305 1391 insula
319 1330 487 1392 exercitum
501 1329 689 1392 detinerent:
709 1329 774 1413 jam
795 1331 891 1413 ipsoS,
905 1328 989 1412 qnod
1002 1328 1146 1393 difficilli-

206 1429 418 1506 meminerit,
444 1429 631 1494 deliberare:
660 1451 750 1511 porro
773 1431 804 1497 in
830 1429 982 1515 ejusmodi
1008 1429 1144 1494 consiliis

87 1557 97 1565 ·
135 1583 140 1586 .
204 1529 406 1610 periculosius
422 1552 491 1594 esse
506 1530 702 1612 deprehendi,
717 1553 810 1616 quam
826 1532 950 1596 audere.

246 1630 325 1696 XVI
328 1679 340 1700 .,
358 1631 420 1697 His
433 1646 526 1716 etque
544 1632 657 1696 talibus
672 1634 805 1698 invicem
819 1635 962 1710 instincti,
978 1632 1143 1708 Boudscea,

203 1733 323 1816 generis
349 1735 427 1816 regii
456 1733 579 1810 femine,
608 1734 689 1799 duce
718 1735 833 1820 (neque
862 1736 946 1800 enim
975 1757 1084 1800 sexum
1113 1736 1145 1798 in

204 1835 341 1916 imperiis
369 1835 561 1916 discernunt)
583 1857 743 1917 sumpsere
771 1838 907 1901 universi
934 1837 1077 1901 bellurn:
1107 1857 1144 1899 ac

204 1957 326 2019 sparsos
361 1957 417 2018 per
451 1937 578 2000 castella
612 1937 726 2002 milites
755 1937 933 2013 consectati,
962 1938 1144 2021 expugnatis

204 2037 373 2119 praesidiis,
397 2037 497 2118 ipsam
518 2037 670 2102 coloniam
693 2039 842 2114 invasere,
864 2050 902 2102 ut
921 2037 1029 2101 sedern
1051 2039 1144 2101 servi-

203 2139 298 2204 tutis:
320 2161 379 2204 nec
405 2139 505 2202 ullum
530 2140 563 2201 in
588 2139 724 2208 barbaris
747 2139 892 2202 saeuitiae
914 2159 1013 2220 genus
1043 2139 1144 2202 omisit

204 2238 248 2300 ira
270 2251 301 2302 et
321 2239 459 2301 victoria.
503 2237 597 2312 Quod
618 2239 679 2302 nisi
700 2236 873 2314 Pandione,
890 2239 1012 2320 cognito
1025 2239 1145 2322 provin-

204 2339 270 2400 ciae
307 2350 403 2414 motu,
439 2341 567 2422 propere
604 2337 808 2414 subvenisset,
840 2338 955 2402 amissa
991 2337 1145 2402 Britannia

202 2438 303 2513 foret:
333 2460 427 2522 quam
454 2440 546 2504 unius
574 2439 682 2522 proelii
710 2438 831 2504 fortuna
858 2440 953 2503 reteri
980 2441 1144 2522 patientiae

194 2541 344 2618 restituit,
360 2541 534 2606 tenentibus
554 2563 641 2609 ¹arura
665 2540 830 2626 plerisque,
853 2562 931 2625 quos
957 2543 1145 2606 conscientia

208 2635 387 2702 defectionis
412 2643 444 2699 et
468 2633 594 2720 propius
622 2654 664 2699 ex
684 2635 794 2720 legato¹
811 2633 904 2699 timor
928 2633 1079 2720 agitabat,
1095 2657 1143 2717 ne,

204 2757 382 2822 quanquam
393 2733 538 2820 egregius
550 2741 663 2814 cetera,
678 2739 859 2818 arroganter
869 2731 904 2796 in
918 2729 1038 2798 deditos
1054 2741 1094 2814 et,
1109 2743 1145 2804 ut

205 2855 280 2898 suae
294 2853 414 2918 quoqne
427 2832 562 2918 injuriae
571 2829 663 2911 ultor,
678 2829 785 2894 durius
796 2829 979 2896 consuleret.
1023 2829 1143 2895 Missus

203 2923 301 3016 igitur
314 2929 479 2995 Petronius
494 2927 705 3012 Turpilianus,
720 2936 870 3012 tanquam
885 2927 1086 2993 exorabilior:
1112 2939 1144 2993 et

204 3029 325 3092 delictis
339 3027 476 3093 hostiurn
489 3046 596 3106 nonus,
609 3046 705 3108 eoque
719 3021 927 3109 poenitentiae
935 3025 1050 3109 mitior,
1065 3048 1143 3092 com·

203 3125 312 3209 positis
335 3125 499 3208 prioribus,
520 3121 599 3186 nihil
613 3123 697 3185 ultra
711 3143 814 3203 ausus,
830 3121 986 3189 Trebellio
1005 3123 1143 3189 Maximo

203 3220 539 3307 provinciamtradidit.
581 3219 756 3285 Trebellius
772 3221 905 3308 segnior,
921 3232 953 3287 et
966 3221 1062 3286 nullis
1077 3243 1142 3286 cas·

202 3331 322 3385 trorum
336 3318 562 3403 experimentis,
578 3317 721 3382 comitate
735 3318 870 3404 quadam
881 3317 1010 3383 curandi
1024 3317 1140 3401 provin·

202 3419 282 3483 ciam
302 3419 412 3483 tenuit.
455 3416 601 3482 Didicere
618 3417 686 3502 jam
698 3415 825 3482 barbari
846 3437 967 3502 qnoque
981 3415 1140 3499 ignoscere

203 3517 285 3582 titiis
300 3510 553 3582 blandientibus:
576 3523 608 3579 et
629 3515 823 3580 interventus
837 3513 975 3577 civilium
988 3533 1140 3580 armorum

201 3615 344 3699 praebuit
354 3615 473 3702 justam
488 3611 640 3700 segnitiae
651 3611 897 3703 excusationem:
921 3609 975 3674 sed
991 3609 1141 3676 discordia

202 3716 381 3794 laboratum,
408 3739 478 3781 cnm
514 3721 657 3780 assuetus
687 3709 934 3798 expeditionibus
964 3711 1051 3776 miles
1080 3713 1140 3778 otio
