2730 4308
254 370 292 432 te
499 395 502 402 ·
569 385 599 426 c.
622 383 720 427 couu.
743 382 878 429 naemu:

248 529 299 593 illo
328 541 359 592 et
387 525 528 592 labirloso
554 550 654 592 errore
682 529 715 593 in
742 528 824 592 hunc
853 527 1014 592 Oceanum
1039 525 1182 606 delatum,

247 630 348 693 adisse
379 627 564 693 Germaniae
592 643 697 706 terras,
729 630 1022 713 Asciburgiumque,
1051 629 1135 713 quod
1156 630 1186 694 iu

246 732 311 812 ripa
326 730 429 794 Rheni
452 731 546 794 situm
568 730 720 814 hodieque
742 730 894 807 incolitur,
910 729 1016 793 abillo
1039 732 1185 812 constitu·

246 843 311 895 turn
331 832 595 916 nominatumque.
638 834 733 896 Aram
757 833 946 916 quinetiam
972 831 1055 896 Ulixi
1078 853 1184 896 conse·

246 947 370 1009 cretam,
394 933 514 1018 adjecto
543 932 674 997 Laertae
699 935 793 1015 patris
816 935 950 1008 nomine,
980 932 1090 996 eodem
1118 933 1184 998 loco

245 1033 319 1097 olim
342 1047 503 1116 repertam,
531 1047 789 1119 monumentaque
813 1047 844 1097 et
871 1034 1007 1098 tumulos
1036 1034 1184 1118 quosdam

247 1132 376 1199 Graecis
412 1132 519 1199 litteris
562 1136 724 1218 inscriptos
763 1136 796 1199 in
832 1135 964 1199 confinio
1000 1133 1184 1199 Germaniae

248 1234 458 1322 thaetiaeque
480 1236 582 1300 adhue
604 1249 744 1301 exstare:
774 1257 854 1321 quae
876 1255 977 1320 neque
1006 1237 1184 1302 confirmare

244 1339 443 1421 argumentis,
459 1358 560 1422 neque
577 1335 717 1401 refellere
740 1338 771 1400 in
793 1338 895 1402 animo
910 1350 979 1400 est:
1003 1357 1042 1400 ex
1062 1337 1184 1422 ingenio

245 1459 303 1528 suo
317 1439 448 1522 quisque
462 1438 576 1515 demet,
591 1438 642 1502 vel
656 1438 748 1503 addat
762 1438 867 1501 fidem.

287 1535 344 1601 IV.
367 1537 439 1619 lpse
454 1559 561 1602 eomm
577 1539 770 1620 opinionibus
790 1539 914 1617 accedo,
930 1539 984 1622 qui
999 1537 1184 1603 Germaniae

244 1639 374 1723 populos
389 1638 481 1702 nullis
496 1639 564 1702 aliis
581 1639 711 1703 aliarum
732 1641 891 1704 nationum
906 1640 1067 1704 connubiis
1089 1639 1197 1705 iuteo--

244 1751 291 1802 tos
305 1739 458 1822 propriam
473 1751 503 1803 et
518 1738 668 1804 sinceram
690 1754 861 1805 attentum
884 1743 932 1805 sui
955 1741 1089 1805 similem
1110 1763 1184 1826 geu·

244 1854 306 1905 tem
341 1842 495 1906 exstitisse
532 1842 737 1907 arbitrantur:
774 1844 857 1907 unde
901 1842 1025 1907 habitus
1060 1865 1183 1928 quoque
1231 1891 1233 1896 -

242 1963 414 2024 corporum,
430 1965 605 2030 quanquam
620 1945 652 2008 iu
675 1957 759 2009 tanto
773 1944 933 2009 hominum
947 1965 1085 2022 numero,
1101 1945 1183 2009 idern

243 2045 412 2124 omnibus3
443 2057 545 2110 truces
575 2059 606 2110 et
642 2046 776 2111 caerulei
805 2047 897 2125 oculi,
926 2047 1035 2112 rutilae
1064 2069 1181 2124 comae,

243 2168 353 2232 magna
367 2168 494 2230 corpora
509 2161 540 2212 et
559 2161 679 2212 tantum
700 2147 739 2213 ad
761 2151 911 2231 impetum
925 2149 1047 2225 valida;
1070 2148 1183 2212 laboris

240 2261 333 2333 atque
349 2271 476 2331 operum
491 2273 552 2314 non
567 2251 676 2314 eadem
698 2251 865 2333 patientia:
887 2251 1077 2334 minimeque
1100 2251 1182 2313 sitim

241 2364 423 2435 aestumque
438 2352 577 2429 tolerare,
593 2352 706 2436 frigora
720 2366 812 2438 atque
828 2351 962 2416 inediam
977 2351 1064 2415 coelo
1078 2351 1182 2414 solove

241 2463 453 2514 assueverunt.

283 2547 324 2612 V.
346 2547 455 2624 Terra,
469 2551 528 2612 etsi
542 2550 697 2633 aliquanto
711 2552 816 2634 specie
831 2549 942 2626 differt,
958 2552 989 2612 in
1003 2549 1182 2614 universum

241 2663 343 2712 tamen
358 2662 412 2712 aut
433 2649 519 2713 silvis
541 2649 663 2713 horrida
684 2663 738 2713 aut
760 2649 924 2731 paludibus
947 2649 1059 2712 foeda:
1081 2648 1178 2714 humi

240 2751 316 2827 dior,
332 2771 394 2835 qua
410 2749 550 2828 Gallias3
572 2751 735 2827 ventosior,
751 2772 813 2834 qua
827 2749 978 2816 Noricum
1000 2771 1037 2814 ac
1058 2749 1182 2816 Panno·
1211 2802 1213 2806 .

240 2853 323 2915 niam
358 2853 492 2934 aspicit:
530 2854 605 2916 satis
640 2851 750 2930 serax3
788 2850 1003 2936 frugiferarum
1039 2853 1181 2944 arborrgm

145 2945 148 2950 ¹
241 2954 426 3038 impatiens:
451 2974 600 3039 pecorum
622 2953 764 3032 fecunda,
789 2953 844 3017 sed
865 2953 1047 3039 plerumque
1069 2955 1181 3035 impro-

241 3076 332 3131 cera;
363 3076 403 3120 ne
431 3056 577 3120 armentis
604 3055 730 3143 quidem
765 3075 841 3118 suus
872 3054 977 3132 honor,
1004 3066 1058 3118 eut
1085 3054 1180 3138 gloria

241 3155 368 3219 frontis:
392 3176 520 3220 numero
534 3156 688 3240 gaudent:
713 3177 831 3241 eaeque
846 3156 930 3220 solae
942 3168 974 3219 ct
987 3156 1180 3240 gratissimae

241 3279 315 3338 opes
341 3270 422 3321 sunt.
466 3258 639 3342 Argentum
663 3270 694 3321 et
715 3279 824 3323 aurum
844 3258 966 3344 propitii
987 3279 1026 3320 an
1048 3257 1115 3320 irati
1137 3255 1180 3318 dii

240 3361 425 3443 negaverint,
440 3358 558 3422 dubito.
602 3357 673 3422 Nec
695 3371 798 3425 tamen
821 3359 1046 3434 affirmaverim,
1061 3356 1179 3420 nullam

240 3458 425 3524 Germaniae
448 3481 559 3523 venam
582 3471 743 3544 argeutum
767 3479 915 3522 aurumve
937 3459 1086 3542 gignere:
1109 3461 1178 3540 quis

239 3561 321 3624 euim
336 3573 489 3625 scrutatus
505 3559 574 3625 esti
596 3561 793 3641 possessione
814 3572 845 3622 et
866 3580 927 3623 usu
950 3558 1032 3622 haud
1053 3557 1179 3642 perinde

238 3660 422 3726 afficiuntur.
465 3660 526 3726 Est
560 3661 664 3725 videre
699 3660 781 3742 apud
816 3660 885 3723 illos
913 3672 1059 3744 argentea
1092 3680 1178 3734 vasa,

238 3761 346 3847 legatis
362 3777 393 3828 et
406 3763 596 3849 principibus
618 3785 725 3828 eorum
751 3763 870 3826 muneri
893 3763 974 3838 data,
989 3783 1050 3826 non
1067 3761 1097 3825 in
1119 3759 1177 3824 alia
