2730 4308
546 380 587 422 nr
611 379 792 423 unanima.
1100 359 1138 418 41

195 529 372 609 pernicitate
401 527 558 612 gaudent3
600 549 680 611 quae
710 529 812 591 omnia
840 525 962 590 diversa
991 526 1139 590 Sarmatis

157 667 159 672 ·
194 642 276 706 sunt,
299 631 330 693 in
359 630 496 715 plaustro
525 651 667 714 equoque
690 629 875 693 viventibus.
921 627 1035 692 Fennis
1064 629 1140 692 mira

193 730 308 807 feritas,
331 730 421 794 foeda
448 743 635 813 paupertas:
667 751 728 793 non
755 752 849 806 arma,
878 752 939 793 non
968 731 1050 813 equi,
1080 752 1140 792 non

186 845 340 913 penates:
364 833 460 896 victui
481 830 585 909 herba,
609 832 732 895 vestitui
754 831 862 912 pelles,
878 831 980 894 cubile
1002 831 1139 895 humus:

193 932 258 996 sola
294 935 326 996 in
362 933 482 1018 sagittis
519 954 601 1014 spes,
639 954 726 1015 quas,
764 933 866 1012 inopia
898 932 978 1005 ferri,
1017 932 1137 996 ossibus

176 1047 345 1120 asperent.
389 1034 540 1120 Idemque
562 1045 691 1096 venatus
712 1033 795 1096 viros
817 1034 931 1115 pariter
952 1056 989 1096 ao
1010 1033 1139 1098 feminas

192 1133 255 1198 alit.
310 1134 436 1198 Passim
464 1133 548 1198 enim
576 1133 770 1211 comitantur,
799 1145 979 1218 partemque
1008 1134 1139 1215 praedae

191 1247 311 1316 petunt.
363 1233 435 1299 Nee
462 1235 547 1299 aliud
574 1235 741 1299 infantibus
768 1235 904 1298 ferarum
933 1236 1139 1319 imbriumque

195 1335 374 1420 suffugium,
391 1359 485 1421 quam
497 1350 533 1401 ut
546 1335 578 1400 in
593 1335 695 1420 aliquo
710 1357 866 1400 ramorum
879 1357 961 1400 nexu
977 1347 1140 1422 contegan-

193 1450 263 1501 tur:
285 1437 347 1502 huc
367 1438 497 1502 redeunt
518 1439 659 1524 juvenes,
676 1437 734 1502 hoc
762 1460 873 1502 senum
897 1439 1139 1520 receptaculum.

194 1538 259 1603 Sed
285 1539 406 1603 beatius
435 1540 626 1617 arbitrantur,
650 1561 745 1624 quam
772 1540 929 1626 ingemere
958 1542 1051 1625 agris,
1074 1541 1139 1605 illa·

192 1640 298 1705 borare
313 1639 466 1718 domibus,
483 1661 556 1706 suas
577 1641 754 1726 alienasque
768 1641 906 1707 fortunas
922 1664 977 1727 spe
992 1655 1139 1727 metuque
1212 1686 1215 1691 -

192 1764 324 1807 versare.
369 1743 479 1807 Securi
508 1743 657 1808 adversus
685 1744 837 1822 homines,
861 1746 963 1810 securi
991 1745 1138 1812 adversus

192 1841 276 1924 deos,
291 1865 358 1908 rem
380 1842 592 1909 difficillimam
614 1846 750 1910 assecuti
772 1859 854 1924 sunt,
869 1858 905 1912 ut
926 1845 986 1911 illis
1009 1867 1048 1910 ne
1068 1860 1139 1911 vote

192 1944 317 2028 quidem
339 1969 416 2028 opus
439 1958 533 2011 esset.
579 1946 694 2012 Cetera
711 1947 776 2032 jam
790 1947 952 2013 fabulosa:
977 1947 1138 2014 Hellusios

192 2057 224 2109 et
251 2046 389 2111 Oxionas
418 2061 471 2115 ora
498 2046 659 2112 hominum
686 2049 864 2132 vultusque,
890 2071 1019 2134 corpora
1047 2063 1137 2134 atque

192 2159 276 2210 artus
290 2147 435 2224 ferarum,
451 2169 581 2232 gerere:
605 2149 688 2233 quod
709 2167 778 2233 ego·
802 2160 836 2213 ut
858 2151 1092 2232 incompertum,
1108 2152 1137 2218 iu

192 2247 330 2314 medium
345 2247 527 2333 relinquam.
