2730 4308
571 387 743 430 remcort.
1087 369 1125 430 dl

188 555 298 620 usque,
312 547 348 600 ut
368 534 506 619 plerique
527 533 653 598 fortium
674 535 818 611 virorum,
834 534 1005 610 ambitiose,
1021 549 1129 618 neque

181 656 244 722 ,per
263 635 399 700 lamenta
418 656 525 698 rursus
539 655 577 698 ac
591 655 763 698 moerorem
782 633 972 698 muliebriter
984 633 1075 697 tulit:
1098 645 1128 698 et

188 738 221 802 in
234 735 322 802 luctu
335 735 452 800 bellum
473 736 552 799 inter
571 734 709 798 remedia
723 747 798 800 eret.
840 734 940 818 Igitur
959 735 1129 816 praemissa

187 837 300 914 classe,
315 859 395 922 quae
409 836 549 922 pluribus
564 836 642 900 locis
655 835 810 916 praedata,
825 857 973 920 magnum
987 848 1020 900 et
1032 837 1129 902 incer·

189 952 255 1004 tum
270 935 415 1002 terrorem
429 937 555 1013 faceret,
571 937 714 1018 expedito
728 937 875 1013 exercitu,
889 938 942 1001 cui
956 957 996 1000 ex
1009 937 1130 1002 Britan·

189 1041 236 1106 uis
250 1038 433 1104 fortissimos
456 1051 488 1102 et
507 1038 600 1122 longa
620 1059 697 1120 pace
719 1037 891 1120 exploratos
910 1037 1076 1116 addiderat,
1091 1035 1130 1102 od

190 1153 325 1206 montem
347 1139 532 1222 Grampium
552 1139 700 1220 pervenit,
721 1159 815 1223 quem
836 1139 902 1224 jam
923 1137 1020 1204 hostis
1049 1140 1117 1204 inse

189 1242 286 1308 derat.
349 1239 436 1321 Nam
471 1240 619 1318 Britanni,
648 1241 725 1304 nihil
752 1239 839 1304 fracti
872 1261 995 1325 pugnae
1022 1241 1131 1322 prioris

185 1354 314 1418 eventu,
337 1355 369 1406 et
389 1341 538 1406 ultionem
562 1355 616 1406 eut
641 1343 801 1406 servitium
822 1353 1046 1424 exspectantes,
1067 1354 1132 1405 tan·

190 1443 324 1528 demque
338 1443 420 1508 docti
444 1465 609 1510 commune
630 1443 805 1530 perieulum
826 1442 989 1507 eoncordia
1009 1443 1133 1526 propul-

191 1545 332 1623 sandum,
347 1546 552 1630 legationibus
573 1559 605 1610 et
618 1545 795 1611 foederibus
817 1546 956 1610 omnium
974 1545 1134 1610 civitatum

191 1648 272 1712 sires
294 1648 477 1712 exciverant.
520 1646 654 1732 Jamque
676 1668 770 1730 super
783 1649 907 1733 triginta
925 1647 1022 1712 millia
1035 1669 1134 1712 arma·

191 1761 292 1813 torum
313 1749 548 1831 aspiciebantur,
564 1761 595 1814 et
615 1749 717 1814 edium
738 1747 887 1814 affluebat
907 1751 1007 1820 omnis
1025 1749 1135 1836 juven-

191 1863 241 1914 tus
257 1861 289 1916 et
302 1851 417 1934 quibus
437 1849 535 1916 cruda
554 1872 591 1914 ao
612 1851 717 1915 viridis
740 1864 895 1928 senectus,
912 1852 986 1916 clari
1007 1852 1090 1916 bello
1105 1864 1135 1915 et

192 1973 250 2018 sue
263 1953 395 2037 quisque
409 1952 522 2016 deeora
535 1964 711 2036 gestantes:
735 1941 809 2017 oum
828 1954 907 2017 inter
919 1954 1024 2035 plures
1037 1953 1135 2016 duces

192 2055 302 2119 uirtute
329 2067 361 2119 et
381 2075 495 2138 genere
523 2067 693 2138 praestans,
715 2055 840 2118 nomine
864 2053 1031 2138 Calgacus,
1054 2053 1133 2136 apud

192 2168 379 2220 contractam
413 2154 643 2218 multitudinem
684 2155 837 2253 proelium
875 2167 1065 2234 poscentem,
1102 2156 1133 2218 in

193 2256 275 2320 huuc
289 2254 418 2318 modum
431 2254 555 2318 locutus
569 2253 685 2318 fertur:
712 2244 808 2348 3}

234 2351 338 2416 XXX.
362 2354 547 2428 “Quotiens
569 2375 681 2418 causas
701 2355 775 2418 belli
790 2367 821 2418 et
835 2354 1052 2419 necessitatem
1066 2379 1123 2420 nos

193 2471 271 2522 tram
299 2457 429 2534 intueor,
458 2477 590 2540 magnus
624 2455 700 2520 mihi
729 2457 850 2520 animus
880 2468 929 2520 est
955 2455 1136 2524 hodiernum

192 2559 276 2624 diem
297 2579 547 2642 consensumque
568 2569 706 2622 vestrum
728 2557 850 2622 initium
871 2558 1019 2626 libertatis
1041 2561 1136 2624 totius

193 2659 367 2726 Britanniae
389 2661 466 2726 sore.
508 2659 593 2724 Nam
608 2673 639 2726 et
653 2661 786 2725 uniuersi
808 2661 962 2726 servitutis
984 2676 1135 2744 expertes,

194 2775 224 2828 et
245 2764 347 2830 nullae
368 2763 448 2829 ultra
468 2776 576 2841 terrae,
599 2785 637 2828 ae
658 2785 697 2828 ne
719 2785 804 2828 mare
827 2763 954 2848 quidem
980 2787 1134 2842 secumm,

193 2865 370 2930 imminente
384 2866 474 2929 nobis
496 2864 596 2930 classe
619 2865 784 2930 Romana:
808 2865 850 2929 ita
870 2865 1022 2948 proelium
1043 2880 1135 2952 atque

194 2987 288 3044 arma,
317 2987 398 3050 quae
426 2960 556 3031 fortibus
585 2966 723 3043 honesta,
752 2965 862 3029 eadem
890 2968 983 3030 etiem
1018 2967 1136 3052 ignavis

193 3068 348 3132 tutissima
378 3079 460 3130 sunt.
516 3067 641 3130 Priores
676 3089 811 3151 pugnae,
838 3068 951 3152 quibus
988 3068 1136 3133 adversus

195 3165 354 3232 Romanos
368 3168 453 3230 varia
466 3166 587 3230 fortuna
612 3180 762 3231 certatum
788 3184 845 3245 est,
861 3190 950 3250 spem
975 3191 1012 3233 ae
1033 3171 1136 3234 subsi-

195 3268 282 3332 dium
302 3269 335 3331 in
359 3267 471 3332 nostris
493 3268 636 3332 manibus
661 3267 835 3333 habebant:
858 3271 931 3354 quie
954 3271 1136 3333 nobilissimi

195 3369 289 3434 totius
301 3355 479 3432 Britanniae
501 3390 600 3453 eoque
623 3370 654 3434 in
676 3370 752 3451 ipsis
774 3370 981 3452 penetralibus
1003 3371 1062 3446 siti,
1078 3391 1135 3433 nee

196 3471 393 3535 servientium
415 3469 516 3533 littora
538 3471 733 3552 aspicientes,
750 3471 855 3533 oculos
879 3491 1003 3553 quoque
1025 3493 1043 3532 a
1064 3491 1123 3533 con

197 3694 265 3738 rum
293 3696 330 3738 ec
358 3673 505 3737 libertatis
531 3684 694 3750 extremos,
716 3693 861 3736 recessus
892 3673 957 3752 ipse
985 3693 1022 3736 ae
1052 3674 1136 3737 sinus

198 3774 297 3840 [muse
322 3777 353 3840 in
382 3775 464 3838 hune
488 3774 571 3838 diem
597 3773 755 3838 defendit·
785 3793 867 3837 nuuc
897 3775 1043 3838 terminus
1070 3775 1135 3840 Bri·
