2730 4308
527 381 568 424 oa
593 381 775 426 arsurum.
942 347 946 356 ⁸
1076 367 1111 426 21

215 521 275 588 lx.
297 522 435 588 Deorum
457 525 591 587 maxime
607 523 798 589 Mercurium
820 522 933 601 colunt,
950 523 1002 587 cui
1024 525 1114 588 certis

174 623 282 691 diebus
318 625 461 690 humanis
490 647 613 711 quoque
648 626 758 690 hostiis
793 626 879 690 litare
907 625 956 689 fas
991 625 1115 691 liabent.
1156 596 1162 700 l

174 725 346 792 Herculem
367 749 403 792 ac
426 727 558 791 Martem
580 729 739 792 concessis
760 727 943 802 animalibus
971 728 1114 810 placant:

173 852 243 912 pars
273 829 447 893 Suevorum
475 843 506 893 et
534 829 611 893 Isidi
639 829 801 893 sacrificat.
845 829 936 894 Unde
964 851 1060 894 causa
1085 845 1116 894 ct

173 931 257 1014 origo
291 931 453 1014 peregrino
490 951 577 993 sacro
611 951 720 1011 parum
756 931 902 1012 comperi,
938 931 998 995 nisi
1032 930 1116 1015 quod
1228 975 1237 996 .

173 1033 295 1113 rignum
318 1033 430 1114 ipsum,
457 1033 490 1097 in
512 1031 640 1096 modum
666 1032 805 1096 liburnae
826 1033 1003 1117 figuratum,
1025 1031 1117 1097 docet
1163 1025 1168 1038 ⁸

74 1177 76 1182 -
172 1133 333 1197 advectam
345 1132 544 1217 religionem.
590 1133 738 1196 Cetemm
753 1155 812 1197 nec
827 1133 969 1198 cohibere
991 1136 1114 1220 parieti·

131 1262 134 1270 ¹
171 1233 231 1298 bus
267 1234 353 1310 deos,
386 1255 488 1318 neque
523 1234 554 1297 in
589 1234 684 1298 ullam
719 1233 846 1298 humani
881 1237 942 1299 oris
979 1237 1116 1317 speciem

173 1335 365 1412 assimulare,
395 1355 434 1398 ex
461 1335 671 1418 magnitudine
700 1336 883 1399 coelestium
911 1336 1114 1399 arbitrantur:

174 1435 261 1499 lucos
289 1457 327 1500 ac
354 1457 479 1499 nemora
507 1429 696 1514 consecrant,
722 1437 912 1521 deorumque
940 1436 1115 1501 nominibus

173 1536 326 1618 appellant
347 1549 502 1602 secretum
523 1537 610 1615 illud,
625 1537 709 1622 quod
731 1537 796 1601 sola
817 1539 987 1602 reverentia
1000 1538 1115 1601 rident.

214 1637 257 1702 X.
280 1640 430 1720 Auspicia
451 1651 621 1724 sortesque,
643 1641 752 1724 utqui
774 1641 920 1716 maxime,
942 1639 1116 1704 observant.

174 1741 310 1804 Sortium
352 1741 544 1804 consuetudo
587 1741 742 1824 simplex:
778 1743 906 1825 virgam,
949 1740 1115 1826 frugiferae

173 1842 271 1906 arbori
296 1842 444 1919 decisam,
471 1843 504 1906 in
525 1841 666 1906 surculos
691 1855 860 1926 amputant,
882 1864 1009 1927 eosque,
1034 1843 1116 1907 notis

173 1943 358 2027 quibusdam
379 1944 540 2020 discretos,
562 1965 656 2025 super
676 1943 838 2008 candidam
859 1956 979 2008 vestem
999 1958 1115 2008 temere

173 2065 210 2107 ac
237 2044 361 2110 fortuito
390 2057 559 2128 spargunt:
589 2065 683 2121 mox,
713 2045 739 2108 si
766 2045 892 2126 publice
928 2045 1114 2122 consuletur,

173 2147 316 2210 sacerdos
345 2148 487 2223 civitatis,
518 2147 567 2209 sin
600 2147 752 2227 privatim,
782 2147 849 2226 ipse
885 2146 1115 2227 paterfamiliae,

173 2261 316 2336 precatus
351 2247 426 2310 deos
462 2247 646 2330 coelumque
683 2247 866 2327 suspiciens,
896 2259 943 2309 ter
978 2246 1116 2330 singulos

173 2348 262 2424 tollit,
302 2347 438 2410 sublatos
477 2347 651 2410 secundum
689 2347 872 2429 impressam
908 2359 978 2410 ante
1013 2359 1116 2412 notam

174 2451 396 2532 interpretatur.
441 2449 477 2513 Si
504 2448 735 2534 prohibuerunt,
765 2449 849 2513 nulla
877 2450 915 2513 de
946 2449 1055 2514 eadem
1082 2471 1116 2514 re

174 2552 205 2614 in
233 2550 367 2614 eundem
394 2550 477 2615 diem
504 2551 708 2629 consultati03
743 2552 791 2615 sin
818 2552 1016 2636 permissum,
1045 2574 1116 2616 aus-

174 2652 324 2731 piciorum
337 2650 438 2716 adhuc
452 2652 530 2716 fides
548 2652 691 2737 exigitur.
734 2648 779 2716 Et
792 2652 869 2716 illud
883 2653 1009 2735 quidem
1023 2655 1115 2718 etiam

175 2747 224 2812 hio
258 2761 376 2826 notum,
412 2750 517 2814 avium
556 2771 650 2813 voces
686 2749 868 2834 volatusque
904 2752 1114 2836 interrogare:

174 2851 328 2932 proprium
371 2851 482 2934 gentis,
520 2863 675 2935 'equorum
715 2873 839 2934 quoque
881 2853 1044 2936 praesagia
1078 2873 1134 2914 acv

174 2953 308 3016 monitus
332 2952 482 3036 experiri;
505 2953 629 3033 publice
655 2952 778 3015 aluntur
803 2952 914 3017 iisdem
938 2952 1116 3017 nemoribus

175 3073 212 3114 ac
225 3052 305 3116 lucis
329 3053 451 3117 candidi
473 3066 504 3116 et
517 3053 602 3116 nullo
622 3054 742 3117 mortali
758 3075 848 3135 opere
864 3055 1014 3119 contacti:
1037 3076 1116 3138 quos

174 3173 299 3236 pressos
314 3175 403 3217 sacro
424 3176 515 3217 curru
538 3155 681 3218 sacerdos
695 3176 732 3218 ac
746 3177 801 3218 rer
816 3154 864 3219 vel
885 3157 1027 3239 princeps
1042 3157 1103 3220 civi

174 3255 248 3318 tatis
276 3255 467 3332 comitantur,
494 3254 691 3340 hinnitusque
720 3278 757 3320 ac
778 3257 918 3321 fremitus
944 3259 1115 3320 observant.

176 3353 245 3420 Nec
260 3353 315 3418 ulli
329 3355 467 3436 auspicio
492 3356 589 3440 major
601 3356 679 3420 fides
695 3379 756 3420 non
771 3358 870 3420 solum
886 3356 967 3438 apud
981 3356 1114 3437 plebem,

175 3455 228 3519 sed
253 3455 335 3537 apud
355 3476 508 3540 proceres,
532 3457 615 3540 apud
636 3458 830 3534 sacerdotes;
855 3479 888 3519 se
907 3457 989 3519 enim
1010 3455 1116 3518 minis·

175 3569 236 3622 tros
270 3556 410 3632 deorum,
439 3557 508 3620 illos
543 3560 685 3623 conscios
720 3571 839 3643 putant.
896 3556 957 3620 Est
991 3568 1024 3620 et
1057 3557 1116 3622 alia

174 3659 347 3724 observatio
376 3660 586 3740 auspiciorum,
610 3683 671 3745 qua
694 3662 832 3741 gravium
854 3658 1004 3725 bellorum
1026 3680 1116 3724 even-

176 3767 225 3824 tus
261 3762 436 3848 explorant;
463 3761 530 3847 ejus
562 3763 669 3844 gentis,
705 3784 771 3824 cum
808 3781 867 3840 qua
905 3760 1022 3828 bellum
1058 3773 1115 3843 est,
