2730 4308
248 377 290 434 36
571 393 602 435 c.
625 391 722 436 coru.
746 391 858 434 rnerrr

155 541 159 548 ’
243 559 410 623 servosque
438 539 582 622 publicae
602 541 666 605 rei:
695 563 755 604 non
786 540 895 605 studiis
923 539 1050 621 privatis
1072 559 1131 604 nec
1152 559 1190 606 ex

243 640 508 704 commendatione
544 653 598 704 aut
631 642 776 724 precibus
820 642 1034 705 centurionum
1077 641 1190 706 milites
1233 729 1235 734 Ι

243 745 351 821 ascire,
376 744 432 808 sed
461 746 612 829 optimum
645 763 799 830 quemque
841 741 1030 809 fidissimum
1058 738 1189 829 putare·

243 847 346 909 omnia
377 847 467 923 scire,
497 869 559 910 non
591 847 693 910 omnia
720 847 875 929 exsequi:
912 847 1014 931 parvis
1052 848 1190 932 peccatis

243 948 374 1024 veniam,
397 949 518 1032 magnis
541 948 735 1011 severitatem
762 947 980 1011 commodare:
1011 969 1070 1012 nec
1091 969 1190 1032 poena

243 1069 375 1131 semper,
414 1049 470 1113 sed
506 1050 631 1132 saepius
669 1049 857 1130 poenitentia
892 1061 1055 1114 contentus
1092 1071 1188 1113 esse:

159 1159 162 1164 '
243 1150 353 1216 officiis
382 1164 414 1215 et
442 1151 755 1215 administrationibus
786 1152 890 1233 potius
918 1173 981 1214 uon
1007 1163 1190 1234 peccaturos

242 1273 439 1340 praeponere,
466 1275 560 1338 quem
588 1253 743 1330 damnare,
773 1273 847 1316 cum
873 1267 1069 1334 peccassent.
1112 1251 1190 1317 Fru-

242 1358 348 1421 menti
360 1369 391 1421 et
412 1356 596 1421 tributorum
617 1356 793 1419 auctionem
814 1355 999 1439 aequalitate
1025 1375 1192 1420 munerum

242 1457 370 1535 mollire,
393 1458 597 1533 circumcisis,
620 1477 711 1540 quae,
734 1457 767 1520 in
788 1469 953 1541 quaestum
975 1469 1105 1539 reperta,
1121 1458 1190 1539 ipso

242 1559 354 1621 tributo
375 1558 500 1642 gravius
530 1557 754 1622 tolerabantur:
781 1579 915 1643 namque
937 1579 994 1640 per
1021 1559 1189 1623 ludibrium

242 1659 377 1722 assidere
400 1659 515 1723 clausis
537 1658 654 1722 horreis
677 1672 708 1723 et
736 1681 840 1724 emere
862 1660 943 1725 ultro
964 1661 1130 1738 frumenta,
1150 1683 1189 1725 ac

244 1760 374 1824 vendere
394 1762 493 1842 pretio
516 1747 725 1846 cogebantur:
748 1761 885 1827 devortia
905 1764 1051 1827 itinerum
1073 1776 1104 1827 et
1123 1763 1189 1827 lon·

242 1863 396 1946 ginquitas
411 1863 573 1947 regionum
588 1861 789 1940 indicebatur,
804 1877 840 1928 ut
854 1865 994 1929 civitates
1009 1887 1028 1928 a
1041 1866 1187 1947 proximis
1202 1931 1204 1935 ,

142 1997 144 2001 ,
241 1963 376 2027 hibernis
406 1965 438 2027 in
472 1976 590 2028 remota
618 1975 650 2028 et
678 1966 746 2028 avia
781 1965 938 2042 referrent,
968 1965 1078 2043 donec,
1104 1987 1148 2052 qu

241 2066 384 2130 omnibus
407 2066 440 2129 in
460 2077 603 2148 promptu
624 2071 700 2144 erat,
721 2067 831 2148 paucis
853 2067 1015 2130 lucrosum·
1033 1967 1235 2150 fieret&

283 2167 358 2232 XX.
381 2167 473 2232 Haec
493 2168 594 2250 primo
616 2169 720 2233 statim
741 2190 822 2231 anno
844 2169 1083 2250 comprimendo,
1099 2191 1188 2255 egre·

241 2271 324 2354 giam
346 2269 461 2334 famam
487 2271 559 2357 paci
580 2271 802 2349 circumdedit;
826 2279 905 2355 quae
927 2271 977 2335 vel
999 2273 1117 2336 incuria
1136 2273 1187 2338 vel

240 2373 430 2436 intolerantia
451 2373 586 2452 priorum
606 2372 689 2436 haud
714 2373 818 2436 minus
841 2393 935 2457 quam
956 2373 1074 2437 bellum
1099 2375 1188 2438 time·

239 2473 340 2537 batur.
385 2468 459 2549 Sed,
483 2473 537 2536 ubi
566 2486 668 2536 aestas
697 2474 829 2552 advenit,
853 2486 1009 2538 contracto
1038 2476 1186 2553 exercitu,

241 2575 356 2636 multus
379 2575 410 2636 in
432 2573 555 2657 agmine
577 2573 702 2638 laudare
724 2575 918 2654 modestiam,
933 2575 1079 2660 disjectos
1102 2599 1175 2640 coer
1197 2627 1203 2636 .

240 2695 332 2739 cere:
356 2675 424 2738 loca
439 2675 547 2738 castris
563 2676 629 2758 ipse
645 2698 765 2758 capere,
782 2679 936 2741 aestuaria
950 2699 987 2740 ac
1002 2677 1096 2742 silvas
1118 2679 1185 2762 ipse

240 2787 455 2862 praetentare3
487 2788 520 2841 et
546 2777 623 2843 nihil
650 2779 772 2842 interim
802 2780 884 2862 apud
912 2779 1017 2843 hostes
1046 2781 1186 2864 quietum

239 2877 311 2960 pati,
327 2899 390 2962 quo
404 2879 507 2942 minus
522 2878 633 2943 subitis
648 2880 830 2944 excursibus
844 2881 1058 2963 popularetur:
1081 2892 1185 2966 atque,

239 2978 292 3040 ubi
314 2979 389 3042 satis
411 2991 568 3057 terruerat,
583 2981 737 3062 parcendo
758 3003 867 3045 rursus
889 2982 1078 3046 irritamenta
1098 2983 1197 3064 pacis·
1353 2987 1356 3150 A

239 3062 410 3143 ostentare:
446 3079 570 3154 Quibus
595 3082 688 3145 rebus
705 3080 835 3146 'multae
864 3083 1014 3159 civitates,
1044 3103 1125 3167 quae
1151 3084 1202 3154 in,

239 3182 326 3246 illurn
351 3180 435 3245 diem
460 3203 620 3266 exaequo
646 3197 781 3267 egerant,
805 3183 884 3247 datis
911 3184 1080 3262 obsidibus,
1109 3185 1185 3249 iram

237 3305 379 3368 posuere,
407 3295 436 3347 et
460 3283 622 3364 praesidiis
644 3285 842 3368 castellisque
868 3285 1076 3350 circumdatae
1102 3298 1185 3349 tanta

237 3388 352 3451 ratione
377 3405 524 3469 curaque,
540 3396 576 3448 ut
601 3385 685 3448 nulla
710 3399 780 3449 ante
807 3385 983 3450 Britanniae
1008 3408 1089 3451 nova
1114 3407 1184 3469 pars
1355 3371 1356 3440 l

238 3487 403 3551 illacessita
424 3487 586 3550 transierit.
860 3506 886 3538 ν
906 3474 909 3479 ’
1355 3482 1356 3552 l

278 3588 371 3653 XXI.
404 3589 548 3672 Sequens
582 3587 682 3652 hiems
716 3588 925 3654 saluberrimis
960 3591 1099 3655 consiliis
1133 3590 1184 3654 ab·

236 3701 377 3771 sumpta:
400 3711 544 3773 namque,
560 3702 596 3754 u:
609 3689 750 3755 homines
763 3690 895 3774 dispersi
910 3715 947 3756 ac
962 3692 1067 3771 rudes,
1084 3713 1184 3777 eoquo

237 3792 267 3853 'ur
289 3789 374 3852 bella
393 3791 511 3867 faciles,
533 3793 683 3875 quatiet
705 3794 766 3856 otio
791 3814 848 3876 per
860 3795 1034 3877 voluptates
1059 3815 1170 3858 assues
