2730 4308
250 335 293 394 40
569 350 599 390 c.
624 349 721 392 eoru.
744 347 880 392 merrus

249 519 285 560 ac
307 496 364 561 soli
387 497 525 560 omnium
546 497 719 573 succinum,
742 495 825 579 quod
846 496 904 578 ipsi
927 495 1051 580 glesum
1072 512 1188 572 uocant¹

235 601 328 674 ¹iuter
348 597 426 662 vada
454 611 545 681 atque
571 598 692 683 inipso
720 597 819 664 littore
848 597 965 681 legunt.
1008 595 1089 675 Nec,
1111 619 1189 682 quae

250 715 356 764 natura
393 721 511 784 quaeve
536 701 614 763 ratio
641 701 756 784 gignat,
782 711 817 762 ut
844 699 991 775 barbaris,
1017 702 1191 784 quaesitum

250 813 491 882 compertumve.
544 800 610 864 Diu
637 802 711 884 quin
747 801 840 864 etiam
867 800 946 863 inter
974 812 1076 867 cetera
1113 801 1192 886 ejec-

251 916 384 966 tamenta
411 903 506 966 maris
542 901 674 988 jacebat,
703 901 802 965 donec
831 901 951 966 luxuria
979 915 1082 966 nostra
1108 903 1192 966 dedit
1238 916 1250 987 j,

250 1024 385 1094 nomen:
420 1003 496 1088 ipsis
525 1005 557 1067 in
583 1003 668 1067 nullo
696 1023 779 1067 usu:
809 1002 884 1066 rude
912 1002 1035 1086 legitur,
1064 1005 1192 1069 informe

221 1162 225 1170 .
250 1104 410 1188 perfertur,
438 1105 634 1190 pretiumque
662 1105 808 1169 mirantes
836 1105 1001 1188 accipiunt.
1055 1103 1193 1172 saecum

251 1218 354 1272 tamen
375 1205 519 1292 arbomm
543 1227 614 1270 esse
637 1205 800 1289 intelligas,
817 1205 889 1289 quia
909 1216 1030 1268 terrena·
1042 1205 1194 1289 quaedam

248 1321 343 1394 atque
369 1307 463 1374 etiam
475 1309 614 1374 volucria
633 1307 777 1371 animalia
796 1307 980 1392 plerumque
1002 1307 1193 1398 interlucent,

251 1432 331 1494 quae
346 1410 504 1494 implicata
529 1409 668 1485 humore,
682 1431 764 1486 mor,
779 1408 963 1472 durescente
977 1409 1115 1485 materia,
1130 1409 1195 1478 clu-

253 1511 375 1575 duntur.
430 1511 624 1577 Fecundiora
650 1511 745 1594 igitur
772 1531 898 1574 nemora
925 1501 1086 1594 lucosque,
1115 1511 1195 1574 sieut

253 1611 394 1690 Orientis,
411 1612 547 1687 secretis,
563 1612 618 1676 ubi
639 1611 729 1675 thura
749 1611 948 1695 balsamaque
971 1611 1128 1688 sudantur,
1152 1612 1194 1676 ita

254 1713 432 1778 Occidentis
454 1713 563 1778 insulis
585 1715 735 1796 terrisque
757 1715 870 1790 inesse,
886 1713 1092 1791 crediderim=3
1116 1735 1195 1797 quae

252 1815 345 1879 ricini
368 1814 441 1879 solis
462 1813 556 1900 radiis
578 1836 724 1898 expressa
751 1827 843 1898 atque
865 1814 1013 1898 liquentia
1038 1816 1070 1878 in
1096 1816 1196 1896 proxi-

253 1937 339 1980 mum
365 1937 449 1979 mare
474 1915 627 1990 labuntur,
651 1937 688 1978 ac
712 1916 744 1978 vi
769 1927 988 2012 tempestatum
1013 1917 1045 1980 in
1070 1915 1197 1980 adversa
1258 1903 1261 1909 ¹

252 2017 352 2082 littora
381 2016 545 2108 exundant.
596 2016 632 2080 Si
660 2030 799 2080 naturam
828 2017 947 2080 succini
974 2017 1098 2082 admoto
1126 2018 1219 2101 igne.

240 2132 362 2208 tentes,
378 2119 409 2184 in
428 2117 556 2208 modum
577 2118 685 2183 taedae
707 2119 894 2196 accenditur,
910 2119 1025 2203 alitque
1039 2119 1197 2188 flammam

252 2221 399 2305 pinguem
428 2231 464 2290 et,
487 2220 640 2293 olentem:
670 2241 743 2282 mox
770 2230 806 2282 ut
834 2219 865 2282 in
888 2221 998 2304 -picem
1025 2221 1196 2288 resinamve

252 2321 404 2385 lentescit.
464 2320 633 2384 Suionibus
663 2319 807 2383 Sitonum
835 2333 944 2403 gentes
973 2322 1197 2386 continuantur.

254 2422 367 2486 Cetera
395 2422 522 2496 similes,
545 2443 608 2500 uno
637 2421 791 2498 differunt,
814 2421 897 2504 quod
917 2420 1033 2486 femina
1060 2421 1196 2486 domina-

252 2536 323 2587 tur:
353 2523 384 2585 in
412 2534 531 2585 tantum
558 2544 620 2584 non
648 2521 739 2586 modo
761 2544 780 2586 a
800 2523 950 2599 libertate,
973 2523 1029 2587 sed
1057 2526 1151 2588 etiam
1178 2545 1194 2586 a

253 2625 398 2688 servitute
414 2622 611 2706 degenerant.

279 2721 404 2788 ¹XLVL
441 2724 506 2789 Hic
542 2723 676 2788 Sneviae
712 2726 793 2790 finis.
850 2726 1060 2792 Peucinorum
1096 2726 1183 2790 Vena

253 2828 423 2912 dommque
438 2840 469 2892 et
482 2824 658 2892 Fennorum
679 2830 817 2892 nationes
841 2827 1058 2893 Germanisen
1075 2829 1184 2894 Sarma

252 2931 292 2993 tis
307 2930 468 3006 ascribam,
485 2929 605 2993 dubito:
630 2951 806 3014 quanquam
822 2929 963 3008 Peucini,
978 2953 1057 3014 qnos
1072 2931 1197 3014 quidun.

252 3032 417 3097 Bastarnas
440 3044 558 3108 vocant,
582 3052 733 3109 sermone,
755 3027 852 3110 cultu,
876 3032 949 3096 sede
971 3055 1009 3096 ac
1023 3023 1196 3110 domiciliis,

252 3147 287 3198 ut
309 3133 466 3211 Germani,
490 3147 595 3218 agunt.
640 3133 755 3197 Sordes
780 3135 918 3198 omnium
938 3155 976 3196 ac
998 3148 1101 3220 torpor
1128 3156 1197 3220 pro·

251 3257 380 3301 cerum:
421 3233 582 3299 connubiis
616 3235 730 3312 mixtis,
760 3234 898 3300 nonnihil
926 3236 957 3299 iu
987 3235 1197 3302 Sarmatarum

253 3338 391 3402 habitum
427 3336 588 3401 foedantur
661 3334 781 3399 Venedi
816 3337 949 3400 multum
986 3358 1024 3400 ex
1060 3337 1197 3402 moribus

253 3451 415 3504 traxerunt.
460 3437 544 3502 Nam
562 3436 711 3520 quidquid
732 3438 812 3500 inter
832 3436 989 3502 Peucinos
1003 3435 1196 3522 Fennosque

253 3539 398 3604 silvamm
426 3560 463 3601 ae
481 3537 643 3626 *montium
672 3537 807 3621 erigitur,
836 3537 1003 3602 latrociniis
1031 3551 1197 3620 pererrant.

255 3639 296 3703 Hi
319 3652 422 3705 tamen
443 3641 522 3702 inter
546 3637 720 3704 Germanos
741 3639 845 3723 potius
867 3638 1049 3716 referuntur,
1072 3640 1146 3724 quia
1167 3656 1197 3704 et

253 3740 358 3804 domos
398 3740 501 3828 figunt
536 3753 567 3802 et
596 3753 683 3804 scuta
719 3752 841 3824 gestant
868 3753 900 3804 et
926 3740 1043 3826 pedum
1071 3761 1132 3806 usu
1161 3763 1198 3808 ao
