2766 4306
589 407 757 450 laureum.
1105 391 1146 450 7³

190 553 399 620 ¹sermonibus
421 555 494 631 tuis,
517 567 663 619 constans
685 568 717 618 et
737 553 837 632 libens
859 555 956 620 saturn
979 555 1146 638 excepisti3

205 665 352 742 tanquam
390 678 446 738 pro
466 657 559 720 'virili
597 658 734 738 portione
775 657 980 721 innocentiam
1017 656 1147 739 principi

205 759 347 823 donares.
391 757 457 822 Sed
483 758 559 821 mihi
580 757 723 842 filiaeque
753 755 830 844 ejus,
852 771 974 840 praeter
1000 757 1147 822 acerbita-

205 874 270 924 tem
289 861 425 946 parentis
447 859 552 941 erepti,
575 872 669 944 auget
689 861 885 938 moestitiam,
907 859 990 944 quod
1011 860 1147 924 assidere

205 961 382 1036 valetudini,
398 961 502 1025 fovere
520 960 726 1038 deficientem,
743 962 845 1026 satiari
859 961 957 1039 vultu,
972 961 1146 1048 complexu,

204 1085 267 1126 non
286 1062 435 1148 contigit:
459 1061 692 1146 excepissemus
714 1073 796 1125 certe
817 1061 960 1126 mandata
980 1083 1146 1146 vocesque,

204 1185 283 1247 quas
296 1164 420 1246 penitus
435 1163 729 1247 animo-figeremus.
772 1162 889 1227 Noster
902 1162 953 1227 hic
967 1162 1062 1240 dolor,
1077 1185 1147 1226 nos·

205 1277 287 1328 uum
308 1264 440 1328 vulnus:
463 1263 552 1328 nobis
574 1276 638 1327 tam
660 1263 770 1348 longae
795 1264 953 1328 absentiae
975 1263 1148 1328 conditione

206 1377 276 1430 ante
302 1365 535 1449 quadriennium
561 1366 776 1430 amissusest.
820 1364 934 1428 Omnia
954 1365 1022 1428 sine
1043 1363 1146 1440 dubio,

206 1466 320 1548 optime
335 1479 512 1548 parentum,
528 1466 683 1531 assidente
698 1467 908 1531 amantissima
921 1487 1026 1542 uxore,
1042 1487 1148 1548 super·

204 1567 291 1631 fucre
305 1567 412 1633 honori
424 1581 496 1633 tuo:
519 1569 716 1650 paucioribus
730 1583 834 1634 tamen
847 1568 982 1633 lacrimis
996 1568 1148 1650 composi·

204 1681 256 1732 tus
270 1691 315 1747 es,
331 1682 363 1733 et
383 1671 551 1733 novissima
565 1671 596 1734 in
616 1671 686 1734 luce
700 1671 914 1735 desideravere
936 1670 1052 1755 aliquid
1066 1669 1147 1733 oculi

205 1771 261 1835 tui.
888 1855 893 1862 ,

247 1870 368 1936 XLVI.
406 1871 442 1936 si
477 1873 547 1956 quis
583 1875 705 1958 piorum
740 1875 882 1937 manibus
919 1873 1017 1950 locus,
1048 1873 1084 1949 si,
1113 1886 1148 1936 nt

205 1974 395 2054 sapientibus
423 1973 534 2057 placet,
564 1996 626 2038 non
653 1997 727 2044 cum
758 1996 885 2059 corpore
914 1975 1149 2057 exstinguuntur

204 2096 335 2158 magnae
371 2077 502 2152 animae,
535 2075 655 2156 placide
683 2075 837 2158 quiescas,
863 2095 992 2156 nosque,
1021 2073 1148 2136 domum

205 2189 301 2254 tuam,
322 2176 361 2238 ab
389 2176 509 2238 insrrmo
537 2175 690 2238 desiderio
719 2187 751 2237 et
775 2174 977 2237 muliebribus
1005 2173 1148 2237 lamentis

205 2275 245 2337 ad
280 2274 570 2354 contemplationem
597 2274 746 2336 virtutum
781 2285 903 2336 tuarum
934 2293 1037 2348 voces,
1070 2293 1146 2356 quas

204 2395 306 2457 neque
335 2374 434 2457 lugeri
463 2395 564 2458 neque
590 2373 695 2459 plangi
716 2373 763 2437 fas
792 2386 861 2439 cst:
891 2372 1088 2437 admiratione
1117 2387 1148 2438 te

204 2475 318 2557 potius,
361 2481 394 2538 te
444 2473 668 2542 immortalibus
687 2475 840 2552 laudibus,
857 2487 897 2552 et,
913 2475 940 2538 si
954 2487 1061 2539 natura
1076 2497 1148 2558 sup·

204 2574 329 2656 peditet,
353 2575 553 2640 similitudine
575 2576 769 2640 decoremus.
813 2574 846 2639 Is
866 2596 960 2640 verus
982 2575 1090 2652 honos,
1111 2597 1148 2640 ea

205 2675 447 2761 conjunctissimi
484 2675 634 2761 cujusque
668 2676 776 2759 pietas.
835 2675 872 2740 ld
908 2676 989 2740 filiae
1025 2698 1147 2761 quoque

205 2777 353 2861 uxorique
367 2780 587 2860 praeceperim,
605 2779 651 2842 sic
664 2779 770 2859 patria,
786 2778 832 2840 sic
853 2779 954 2841 mariti
967 2779 1148 2842 memoriam

206 2878 352 2954 venerari,
367 2891 403 2942 ut
428 2867 531 2942 omnia
552 2878 635 2942 lacta
656 2878 799 2962 dictaque
824 2877 891 2963 ejus
918 2899 1026 2942 secum
1049 2878 1148 2942 revol-

206 2991 285 3056 vant,
309 2980 501 3063 formamque
525 3001 562 3042 ac
576 2981 708 3063 figuram
733 2980 828 3044 animi
853 2980 952 3063 magis
967 3001 1061 3063 quam
1082 3001 1148 3043 cor-

204 3080 287 3159 poris
309 3080 572 3160 complectantur:
595 3101 657 3143 non
678 3081 751 3163 quia
771 3080 1021 3144 intercedendum
1042 3093 1148 3163 putem

205 3179 401 3262 imaginibus,
432 3201 513 3263 quae
540 3202 693 3245 marmore
720 3194 775 3244 aut
801 3203 873 3246 aere
894 3183 1069 3267 finguntur;
1093 3183 1149 3245 scd

205 3292 241 3342 ut
266 3279 371 3342 vultus
399 3279 569 3358 hominum,
598 3283 641 3345 ita
670 3282 834 3346 simulacra
860 3283 965 3346 vultus
994 3282 1148 3345 imbecilla

204 3401 242 3444 ac
255 3380 395 3444 mortalia
416 3394 507 3460 sunt;
529 3381 628 3446 forma
648 3385 761 3447 mentis
783 3397 915 3458 aeterna,
932 3403 1025 3465 quarn
1044 3393 1147 3445 tencre

204 3492 235 3544 ct
263 3481 435 3563 exprimere
463 3503 525 3546 non
552 3505 607 3565 per
635 3484 767 3548 alienam
794 3483 954 3547 materiam
982 3494 1013 3545 et
1040 3495 1147 3560 artem,

204 3581 262 3646 sed
286 3583 347 3646 tuis
369 3583 437 3668 ipse
458 3583 595 3648 moribus
616 3585 728 3665 possis.
773 3581 933 3666 Quidquid
954 3604 993 3646 ex
1004 3583 1148 3667 Agricola

204 3684 386 3762 amavimus,
402 3683 552 3768 quidquid
572 3687 673 3749 mirati
695 3707 814 3762 sumus,
831 3696 934 3748 manet
954 3706 1148 3750 mansurum·

204 3806 264 3868 que
280 3797 328 3848 est
349 3787 381 3848 in
403 3786 513 3851 animis
535 3786 703 3862 hominurn,
720 3787 751 3848 in
766 3787 942 3850 aeternitate
964 3799 1137 3868 temporum
