2766 4306
274 391 313 448 bb
602 407 632 446 c.
655 403 751 447 court.
774 402 883 446 rrcrrr

313 547 457 613 XXXII.
479 555 527 616 Ac
555 553 653 633 primo
681 572 849 635 congressu
871 551 991 614 eminus
1014 555 1186 615 certabatur

274 653 364 720 simul
379 655 556 729 constantia,
573 653 665 716 simul
679 665 742 716 arte
758 649 893 715 Britanni
909 652 1083 735 ingentibus
1098 652 1205 736 gladii:

272 765 303 815 et
316 754 461 817 brevibus
483 755 575 818 cetris
596 754 725 817 missilia
749 766 921 815 nostrorum
935 753 1029 815 vitare
1044 752 1094 816 vel
1115 773 1206 816 excu-

273 867 346 930 tere,
369 867 460 937 atque
482 854 541 934 ipsi
563 873 706 936 magnam
727 854 790 916 vim
815 852 945 917 telorum
968 851 1205 932 superfundere:

273 954 369 1016 donec
413 952 566 1038 Agricola
613 952 805 1015 Batavorum
844 953 984 1016 cohortes
1007 973 1044 1015 ac
1066 953 1207 1037 'l'ungre-

272 1077 341 1118 rum
368 1055 445 1118 duas
473 1054 647 1117 cohortatus
675 1065 732 1129 est,
755 1065 790 1116 ut
818 1075 885 1117 rem
913 1053 952 1117 ad
979 1065 1142 1117 mucrones
1170 1075 1207 1117 ae

272 1177 381 1220 manus
410 1155 613 1219 adducerent:
637 1155 720 1238 quod
747 1167 778 1217 et
805 1155 880 1236 ipsis
900 1167 1052 1219 vetustate
1081 1156 1207 1218 militiae

272 1258 481 1334 exercitatum,
497 1268 528 1320 et
542 1256 682 1320 hostibus
705 1255 837 1320 inhabile
861 1277 954 1338 parva
975 1269 1063 1320 scuta
1077 1268 1108 1319 et
1122 1277 1207 1320 enor-

272 1379 339 1422 mes
353 1357 471 1442 gladios
492 1358 689 1441 gerentibus:
711 1377 784 1420 nam
806 1355 1126 1440 Britannorum-gladii
1141 1359 1207 1419 sinc

272 1481 417 1522 mucrone
440 1459 634 1540 complexum
659 1479 821 1521 armorum.
834 1470 865 1520 et
889 1458 920 1521 in
945 1469 1048 1538 aperto
1073 1479 1208 1542 pugnarn

273 1581 332 1621 non
346 1559 523 1622 tolerabant.
567 1557 673 1641 Igitur,
690 1570 724 1620 ut
739 1557 847 1621 Batavi
868 1559 997 1621 miscere
1012 1559 1102 1634 ictus,
1117 1556 1207 1621 ferire

273 1659 466 1735 umbonibus,
483 1679 535 1720 ora
556 1657 688 1735 foedare,
705 1671 736 1721 et
758 1660 859 1722 stratis
881 1661 979 1742 quiin
994 1681 1093 1743 aequo
1114 1660 1207 1724 obsti-

273 1771 378 1835 terant,
394 1759 511 1842 erigere
525 1759 557 1822 in
572 1759 666 1822 colles
688 1760 788 1823 aciem
809 1781 949 1841 coepere,
965 1774 1084 1824 ceterae
1102 1761 1208 1825 coher-

272 1873 329 1935 tes,
366 1860 568 1924 aemulatione
604 1873 635 1923 ct
670 1861 785 1942 impetu
828 1862 1017 1936 commistae,
1054 1863 1207 1943 proximos

273 1959 410 2044 quosque
432 1960 583 2039 caedere3
606 1983 643 2024 ae
664 1961 801 2046 plerique
824 1963 995 2026 semineces
1017 1974 1071 2026 aut
1099 1964 1208 2046 integri

272 2063 463 2128 festinatione
491 2064 635 2126 victoriae
667 2063 924 2147 relinquebantur.
968 2061 1094 2126 Interim
1122 2065 1208 2147 equi·

272 2177 336 2230 turn
372 2177 491 2232 turmae
518 2163 636 2248 lugere,
670 2165 814 2228 covinarii
849 2164 988 2249 peditum
1023 2185 1057 2226 se
1092 2165 1208 2249 proelio

272 2268 446 2331 miscuere:
484 2279 524 2342 et,
553 2287 729 2350 quanquam
759 2276 913 2329 recentem
949 2278 1094 2328 terrorem
1128 2267 1194 2329 intu

272 2367 376 2443 lerant,
392 2368 495 2430 densis
517 2380 620 2430 temen
642 2367 777 2432 hostium
799 2367 972 2450 agminibus
994 2378 1025 2429 et
1043 2366 1208 2449 inaequali·
1288 2401 1292 2409 ·

234 2509 238 2516 -
272 2467 330 2528 bns
353 2467 429 2529 locis
451 2465 633 2530 haerebant:
656 2467 842 2550 minimeque
866 2467 1015 2548 equestris
1031 2487 1068 2528 ea
1087 2487 1207 2550 pugnae

273 2565 367 2628 facies
382 2577 455 2640 erat,
470 2586 542 2627 cunr
556 2586 647 2648 aegre
661 2565 713 2629 diu
737 2579 850 2629 stantes
866 2566 958 2629 simul
980 2587 1128 2649 equorum
1143 2587 1208 2629 cor-

272 2664 396 2745 poribus
418 2664 656 2745 impellerentur:
670 2686 706 2728 ac
728 2686 820 2746 saepe
841 2667 911 2749 vagi
934 2687 1051 2741 currus,
1074 2666 1208 2728 exterriti

273 2766 339 2828 sine
375 2766 543 2828 rectoribus
577 2767 658 2848 equi,
688 2778 723 2829 ut
750 2787 903 2849 quemque
932 2765 1062 2830 formido
1090 2752 1208 2834 tulerat.

274 2879 462 2930 transversos
477 2879 530 2930 aut
544 2867 650 2930 obvios
665 2868 870 2931 incursabant.
988 2913 990 2926 .

314 2963 472 3028 XXXVII.
495 2967 539 3031 Et
560 2968 705 3045 Britanni,
728 2968 781 3052 qui
803 2967 904 3032 adhuc
924 2991 1046 3053 pugnae
1069 2982 1208 3051 expertes

275 3089 396 3132 summa
417 3068 542 3132 collium
571 3069 743 3133 insederant
771 3081 803 3132 et
830 3071 1016 3154 paucitatem
1037 3084 1208 3134 nostrorum

273 3169 362 3232 vacui
384 3169 575 3253 spernebant,
591 3169 716 3253 degredi
737 3170 885 3255 paulatim
900 3182 930 3233 et
944 3171 1105 3235 circumire
1124 3185 1208 3254 terga

273 3271 460 3334 vincentium
481 3283 664 3351 coeperant:
688 3271 772 3346 mid
794 3272 896 3352 ipsum
917 3272 1031 3334 veritus
1053 3271 1208 3355 Agricola,

272 3385 402 3454 quatuor
417 3371 555 3454 equitum
570 3371 643 3447 alas,
660 3371 699 3434 ad
720 3373 821 3434 subita
839 3371 913 3435 belli
926 3385 1070 3447 retentas,
1085 3373 1209 3434 venien·

273 3471 354 3535 tibus
391 3472 593 3553 opposuisset,
628 3484 801 3555 quantoque
836 3471 969 3535 ferocius
1005 3485 1208 3548 accurrerant,

276 3585 355 3637 anto
383 3573 484 3634 acrius
513 3571 618 3656 pulsos
647 3572 679 3636 in
706 3571 813 3655 fugam
837 3571 1019 3657 disjecisset.
1063 3573 1111 3636 Ita
1138 3593 1209 3635 eon·

275 3671 376 3736 silium
398 3670 611 3735 Britannorum
633 3672 665 3736 in
686 3673 770 3756 ipsos
792 3694 935 3736 versum:
958 3686 1209 3756 transvectaeque

273 3783 434 3852 praecepto
454 3770 544 3832 ducis
569 3792 587 3832 a
616 3770 712 3838 fronte
741 3775 940 3856 pugnantium
971 3774 1047 3850 alae,
1070 3793 1208 3837 aversam
1243 3757 1265 3776 ’
