2730 4308
540 403 581 444 ns
605 401 785 444 ennnnnri.
1092 384 1131 443 at

194 564 311 616 :astum
332 571 461 627 nemus,
483 549 680 632 dicatumque
709 550 741 612 in
769 571 808 612 eo
837 546 1024 624 vehiculum,
1047 559 1131 610 veste

191 666 389 738 contectum·
423 653 570 735 attingere
598 652 653 714 uni
682 649 833 714 sacerdoti
861 670 1055 712 concessum.
1100 647 1132 710 Is

192 754 301 818 adesse
337 753 484 843 penetrali
512 752 602 815 deam
631 751 781 834 intelligit,
811 751 994 834 vectamque
1030 750 1132 813 bubus

192 856 315 919 feminrs
343 854 441 918 multa
470 875 543 916 oum
572 853 765 936 veneratione
793 852 1019 935 prosequitur·
1043 849 1132 915 Laeti

191 969 264 1020 tunc
299 957 376 1033 dies,
413 955 492 1019 festa
527 954 604 1028 loca,
642 974 857 1036 quaecumque
893 951 1027 1016 adventu
1063 953 1132 1015 bos·

191 1060 328 1143 pitioque
359 1058 521 1141 dignatur.
569 1054 642 1118 Non
677 1055 758 1119 bella
807 1055 922 1131 ineunt,
952 1076 1013 1118 non
1048 1075 1132 1116 arma

191 1172 336 1237 sumunt;
360 1159 502 1222 clausum
532 1178 622 1220 omne
644 1155 779 1220 serrum:
802 1168 921 1236 pax-et
942 1157 1031 1240 quies
1060 1168 1132 1240 tunc

191 1271 310 1324 tantum
324 1273 405 1336 nota,
420 1271 494 1323 tunc
515 1271 633 1322 tanturn
653 1269 764 1332 amata,
779 1256 877 1319 donec
893 1255 975 1320 idem
991 1258 1147 1321 sacerdos.

100 1395 104 1400 ·
193 1361 334 1424 satiatam
348 1361 577 1426 conversatione
595 1358 769 1423 mortalium
784 1357 874 1421 deam
889 1357 1004 1438 templo
1017 1358 1133 1422 reddat.

193 1459 270 1524 Mox
282 1457 460 1526 vehiculum
482 1474 515 1525 et
533 1456 648 1536 vestes,
664 1472 704 1533 et,
720 1459 746 1522 si
768 1457 893 1522 credere
915 1459 1003 1535 velis,
1019 1481 1134 1522 numen

192 1561 296 1641 ipsum
317 1575 436 1625 secrato
457 1561 528 1625 lacu
553 1551 695 1624 abluitur.
740 1558 830 1624 Servi
851 1559 1032 1636 ministrant,
1056 1567 1148 1642 quos'

182 1662 296 1726 'statim
309 1662 393 1726 idem
413 1663 501 1726 iacus
523 1661 644 1738 haurit;
667 1683 798 1724 arcanus
820 1660 893 1724 hinc
906 1673 1001 1737 terror
1016 1674 1134 1724 saneta·

193 1786 252 1848 que
281 1766 460 1849 ignorantia,
490 1763 563 1846 quid
585 1764 625 1826 sit
649 1762 735 1839 illud,
759 1762 841 1846 quod
869 1775 987 1826 tantum
1008 1764 1133 1845 perituri

192 1861 305 1929 vident.

233 1963 315 2030 XLI.
338 1967 381 2031 Et
396 1969 473 2031 haec
489 1968 613 2051 quidem
635 1990 707 2053 pars
731 1967 905 2031 Suevorum
919 1968 950 2030 in
971 1968 1134 2030 secretiora

194 2067 379 2132 Germaniae
399 2071 572 2152 porrigitur.
616 2068 756 2153 Propior,
779 2081 815 2132 ut
835 2090 897 2150 quo
925 2069 1016 2131 modo
1041 2067 1134 2153 paulo

192 2180 263 2232 ante
285 2167 443 2244 Rhenum,
460 2170 505 2231 sic
526 2189 608 2232 nunc
630 2167 812 2230 Danubium
834 2188 954 2248 sequar,
978 2165 1135 2241 Hermun-

192 2267 340 2331 durorum
375 2269 493 2342 civitae,
522 2267 583 2329 fida
618 2267 781 2342 Romanis,
818 2286 917 2348 eoque
953 2265 1027 2329 solis
1057 2264 1134 2327 Ger-

193 2389 356 2432 manorum
391 2389 453 2430 non
479 2369 511 2430 in
545 2369 612 2452 ripa
647 2368 879 2443 commercium,
910 2367 965 2430 sed
1000 2367 1133 2452 penitus,

192 2482 285 2553 atque
308 2470 340 2533 in
362 2468 608 2554 splendidissima
630 2468 781 2533 Rhaetiae
810 2469 983 2550 provinciae
1005 2468 1135 2532 colonia.

193 2573 318 2636 Passim
346 2584 378 2636 ct
406 2572 471 2636 sine
494 2563 621 2636 custode
649 2584 828 2636 transeunt:
859 2583 900 2647 et,
923 2593 995 2636 cum
1024 2572 1135 2635 ceteris

194 2676 337 2758 gentibus
358 2696 443 2738 arma
456 2674 548 2737 modo
562 2687 725 2758 castraque
739 2685 842 2738 nostra
864 2673 1070 2748 ostendamur,
1087 2673 1135 2736 his

193 2776 301 2859 domos
329 2776 481 2860 villasque
507 2776 712 2856 patefecimus
741 2797 802 2838 non
833 2775 1134 2856 concupiscentibus.

194 2877 230 2940 In
259 2878 487 2942 Hermunduris
516 2878 606 2941 Albis
643 2879 747 2953 oritur,
776 2877 892 2940 flumen
929 2877 1069 2940 inclitum
1105 2888 1136 2938 ct

194 2993 300 3046 notum
315 2980 410 3057 olim3
433 3001 515 3042 nunc
529 2992 649 3042 tantum
663 2978 796 3042 auditur.

235 3077 332 3142 XLII.
354 3081 374 3143 J
377 3092 449 3144 uxta
463 3079 700 3144 Hermunduros
727 3079 861 3156 Narisci,
877 3102 914 3143 ac
928 3080 1038 3144 deinde
1054 3079 1137 3142 Mar·

196 3182 337 3245 comanni
351 3193 383 3244 et
397 3180 500 3256 Quadi
516 3193 621 3264 agunt.
661 3180 834 3263 Praecipua
849 3181 1137 3244 Marcomannorum

196 3281 466 3366 gloria'viresque,
489 3294 581 3365 atque
604 3282 671 3362 ipsa
700 3283 793 3345 etiam
815 3283 916 3358 sedes,
939 3282 1037 3362 pulsis
1065 3280 1136 3342 olim

197 3382 293 3459 Boiis,
316 3383 427 3446 virtute
455 3395 550 3464 parta.
594 3381 665 3446 Nec
688 3383 812 3447 Narisci
842 3383 983 3456 Quadive
1006 3380 1138 3462 degene

198 3499 272 3549 rant.
315 3484 426 3566 anue
457 3483 642 3547 Germaniae
670 3485 756 3548 velut
783 3485 866 3548 frons
901 3495 957 3558 est,
988 3493 1138 3564 quatenus

200 3584 341 3650 Danubio
368 3585 541 3676 peragitur.
586 3583 813 3650 Marcomannis
837 3584 1018 3665 Quadisque
1039 3603 1138 3665 usque

198 3686 236 3750 ad
263 3698 399 3749 nostram
434 3687 616 3751 memoriam
651 3709 742 3770 reges
777 3697 954 3748 manserunt
983 3705 1020 3746 ex
1049 3697 1138 3768 gente

209 3807 344 3865 psoram,
371 3787 472 3851 nobile
496 3787 680 3852 Marobodui
703 3800 734 3851 et
755 3787 854 3850 Tudri
883 3808 1003 3870 genus:
1024 3786 1088 3864 jam
1111 3799 1138 3847 et
