2766 4306
575 375 742 421 soaroom.
1068 363 1128 420 ott!

189 524 319 609 addique
338 523 464 604 insuper
484 523 668 604 opinionem,
693 523 815 604 Syriam
835 524 1023 606 provinciam
1039 524 1128 608 Agri-

188 626 276 688 colae
295 625 452 700 destinari,
473 645 605 688 vacuam
631 637 699 688 tum
725 636 823 688 morte
845 625 933 688 Atilii
951 624 1029 688 Rufi
1055 647 1127 688 con·

188 725 299 788 solaris
318 737 349 787 et
369 723 536 809 majoribus
556 737 753 788 reservatam.
800 724 967 788 Credidere
988 725 1127 810 plerique

189 823 331 890 libertum
366 846 405 888 ex
440 825 658 888 secretioribus
700 826 878 888 ministeriis
920 827 1052 890 missum
1088 826 1126 890 ad

189 927 363 1010 Agricolam
385 925 555 1002 codicillos,
570 925 683 1010 quibus
705 927 735 990 ei
757 926 849 1012 Syria
865 925 1003 1002 dabatur,
1017 927 1126 992 tulisse

186 1049 260 1092 etun
278 1040 454 1113 praecepto,
469 1039 514 1103 ut,
530 1028 558 1090 si
580 1028 612 1090 iu
632 1025 790 1091 Britannia
810 1026 898 1104 foret,
913 1028 1125 1093 traderentur:

186 1149 322 1212 cunique
361 1129 505 1192 libertum
546 1130 580 1190 in
621 1129 689 1210 ipso
709 1129 804 1192 ,freto
822 1181 824 1188 ,
841 1128 958 1193 Oceani
1001 1130 1126 1194 obvium

188 1229 359 1313 Agricolae,
387 1251 427 1292 ne
454 1229 609 1314 appellato
631 1229 756 1312 quidem
784 1251 830 1306 eo,
853 1229 893 1293 ad
913 1229 1133 1294 Domitianum·

187 1333 363 1393 remeasse:
387 1331 451 1394 aire
472 1352 583 1394 verum
603 1330 695 1406 istud,
712 1331 777 1394 sive
791 1351 831 1393 ex
844 1331 967 1414 ingenio
980 1331 1125 1412 principis

187 1431 292 1496 fictum
312 1453 349 1494 ao
368 1433 576 1514 vcompositum
597 1446 657 1496 est.
699 1432 881 1496 Tradiderat
895 1433 1126 1517 interimdgri·

185 1531 252 1596 cola
287 1534 460 1597 successori
476 1556 545 1598 zsuo
573 1534 762 1619 provinciam
790 1535 926 1618 quietam
954 1543 1124 1618 tutamque.

186 1634 242 1710 Ac,
258 1656 296 1697 ne
310 1635 452 1698 notabilis
474 1636 649 1699 celebritate
665 1649 696 1698 et
710 1635 880 1719 frequentia
900 1637 1125 1700 occurrentium

184 1734 322 1798 introitus
357 1749 452 1810 esset,
488 1737 582 1800 vitato
617 1737 787 1801 amicorum
823 1737 935 1813 officio,
964 1749 1057 1801 noctu
1093 1738 1123 1801 in

183 1835 301 1920 urbem,
324 1851 419 1901 noctu
440 1839 472 1900 in
500 1837 659 1919 palatium,
688 1839 731 1902 ita
759 1850 794 1900 ut
822 1851 1021 1922 praeceptum
1049 1853 1123 1916 erat,

183 1938 287 2000 venit:
324 1951 534 2022 exceptusque
562 1939 648 2002 brevi
676 1940 783 2003 osculo
813 1951 843 2002 et
870 1939 955 2002 nullo
983 1961 1123 2004 sermone

183 2037 290 2102 turbae
312 2039 510 2103 servientium
532 2039 690 2102 immixtus
712 2052 770 2104 est.
815 2039 974 2114 Ceterum,
989 2051 1024 2102 ut
1044 2041 1123 2102 mili-

182 2150 246 2201 tare
267 2161 390 2213 nomeu,
412 2161 506 2222 grave
525 2139 605 2202 inter
626 2141 751 2214 otiosos,
774 2139 842 2200 aliis
863 2138 1025 2200 virtutibus
1048 2153 1124 2201 tem-

181 2253 312 2320 peraret,
340 2239 590 2321 tranquillitatem
618 2252 710 2322 atque
747 2239 844 2301 otium
870 2239 993 2319 penitus
1029 2239 1123 2314 auxit,

182 2339 269 2401 cultu
297 2338 447 2414 modicus,
471 2360 611 2402 sannone
633 2339 743 2416 facilis,
766 2360 828 2402 uno
856 2351 910 2402 aut
933 2338 1028 2402 altero
1049 2341 1124 2402 ami·

182 2462 290 2504 corum
318 2441 503 2518 comitatus;
532 2439 610 2504 adeo
638 2453 673 2504 ut
700 2440 839 2526 plerique
860 2441 974 2525 quibus
995 2463 1124 2526 magnos

183 2543 263 2606 viros
277 2563 333 2624 per
346 2542 544 2606 ambitionem
565 2544 728 2614 aestimare
748 2565 818 2606 mos
832 2557 889 2620 cet,
905 2542 972 2606 viso
985 2556 1135 2624 aspecto·¹

181 2667 242 2728 que
277 2644 432 2729 Agricola,
461 2646 792 2729 quaererent-famam,
822 2646 915 2728 pauci
948 2646 1124 2727 interpreta-

180 2759 294 2810 rentur.

223 2843 306 2911 XLI.
331 2847 444 2912 Crebro
454 2869 510 2930 per
531 2869 585 2911 eos
600 2849 673 2912 dica·
689 2847 771 2930 apud
784 2847 996 2912 Domitianum
1012 2848 1123 2911 absens

181 2951 483 3025 accusatus‚absens
505 2949 666 3013 absolutus
687 2963 745 3013 est.
791 2950 897 3014 Causa
920 2950 1049 3031 periculi
1063 2972 1125 3014 non

182 3049 299 3112 crimen
318 3050 419 3114 ullum
446 3063 500 3113 ant
520 3050 646 3132 querela
672 3050 749 3114 laesi
777 3051 971 3136 cujusquam,
995 3052 1051 3115 sad
1079 3053 1123 3114 in·

182 3149 290 3214 sensus
303 3149 467 3214 virtutibus
489 3151 633 3235 princeps
656 3164 687 3214 et
708 3151 804 3235 gloria
817 3153 874 3216 viri
896 3173 933 3216 ae
952 3154 1124 3234 pessimum

182 3249 378 3314 mimicorum
406 3271 516 3334 genua,
541 3250 710 3314 laudantes
754 3251 798 3316 Et
818 3274 856 3315 ea
884 3254 1024 3316 insecuta
1052 3267 1123 3316 sunt

182 3349 369 3432 reipublicae
392 3365 537 3432 tempora,
560 3373 641 3436 quae
663 3353 746 3416 sileri
768 3354 946 3437 Agricolam
967 3373 1028 3414 non
1043 3353 1123 3414 sine-

182 3464 269 3516 rent:
299 3464 344 3516 tot
365 3454 518 3517 exercitus
538 3455 570 3517 in
593 3453 715 3518 Moesia
735 3454 895 3537 Daciaque
910 3467 942 3516 et
956 3452 1123 3517 Germania

182 3551 412 3638 Pannoniaque,
441 3556 613 3620 temeritate
647 3569 702 3619 aut
736 3577 792 3637 per
826 3555 979 3638 ignaviam
1005 3554 1123 3618 ducum

182 3656 308 3718 amissi:
345 3668 391 3720 tot
425 3655 572 3719 militares
599 3657 657 3720 viri
693 3678 765 3719 cum
794 3667 838 3719 tot
866 3653 1042 3719 cohortibus
1071 3677 1123 3718 ex*-

185 3758 308 3841 pugnati
331 3770 362 3821 et
384 3758 487 3840 capti:
509 3777 569 3822 nec
586 3759 651 3845 jam
672 3758 711 3821 de
733 3757 831 3821 limite
853 3757 972 3840 imperii
994 3769 1027 3822 et
1045 3758 1112 3840 ripa
