2730 4308
362 1081 448 1175 GN.
484 1077 654 1171 JULII
686 1075 1044 1171 eccleciae

656 1247 769 1308 VITA.

639 1467 791 1484 ΛΑΜΜΛΜΛΛΑ·

591 1631 836 1688 BREVIARIUM.

243 1775 305 1847 cap.
326 1781 349 1828 1.
369 1773 505 1828 Scribendi
517 1773 645 1828 clarorum
656 1773 771 1830 virorum
782 1775 863 1827 vitam
875 1791 932 1826 mos
944 1773 1075 1842 antiquus,
1095 1777 1120 1826 2.
1139 1772 1186 1828 sub

274 1861 351 1916 malis
374 1861 534 1934 principibus
557 1860 728 1932 periculosus,
752 1866 777 1914 3.
803 1860 852 1914 sub
875 1861 990 1928 Trojano
1012 1863 1041 1914 in
1063 1860 1186 1914 honorem

275 1948 416 2020 Agricolae
433 1951 559 2020 repetitus
571 1965 587 2003 a
599 1948 701 2012 Tacito,
712 1950 756 2016 qui
768 1965 822 2002 non
833 1947 1015 2017 eloquentiam,
1027 1955 1055 2001 at
1065 1949 1186 2019 pietatem

274 2037 419 2109 pollicetur.
455 2043 481 2092 4.
500 2035 641 2108 Agricolae
664 2036 750 2106 stirps,
770 2035 900 2101 educatio,
916 2035 1011 2089 studia.
1048 2035 1186 2090 opositis

274 2128 304 2182 in
320 2125 457 2182 Britannia
474 2127 565 2198 primis
583 2133 729 2180 castrorum
749 2123 910 2190 rudimentis,
928 2127 954 2179 6.
973 2140 1081 2178 uxorem
1097 2122 1186 2178 ducit:

273 2215 304 2267 iit
326 2222 455 2283 quaestor,
484 2215 612 2278 tribunus,
638 2219 757 2283 pmetor:
786 2210 1005 2284 recognoscendis
1033 2209 1187 2282 templorum

273 2299 349 2354 donis
372 2301 529 2372 praefectus.
576 2302 602 2353 ’1.
627 2297 777 2353 Othoniano
799 2297 868 2352 bello
897 2305 1008 2352 matrem
1036 2305 1187 2368 partemque

275 2385 422 2456 patrimonii
446 2387 550 2439 amittit.
587 2389 612 2438 8.
637 2384 670 2438 In
693 2384 851 2456 Vespasiani
881 2391 969 2455 partes
997 2391 1188 2455 transgressus,

212 2517 214 2520 .
274 2471 372 2540 legioni
395 2471 537 2524 vicesimae
562 2470 590 2522 in
620 2469 758 2523 Britannia
786 2471 957 2542 praepositus,
981 2469 1082 2524 alienae
1102 2471 1186 2523 famae

275 2573 340 2611 cura
350 2563 484 2628 promovet
501 2573 585 2610 suam.
622 2561 647 2610 9.
666 2556 763 2610 Redux
776 2557 844 2612 inter
861 2557 983 2628 patricios
994 2559 1094 2611 ascitus
1106 2556 1188 2625 Aqui·

274 2646 373 2698 taniam
392 2645 467 2715 regit.
504 2643 604 2698 Consul
625 2645 712 2698 iactus
735 2643 831 2699 Tacito
848 2645 929 2699 filiam
946 2645 1095 2716 despondet.
1130 2644 1188 2698 Bri·

274 2731 380 2784 tanniae
398 2731 556 2802 praeficitur.

257 2823 282 2871 0.
301 2815 454 2871 Britanniae
471 2817 618 2888 descriptio.
655 2817 743 2872 Thule
762 2819 884 2890 cognita:
906 2834 977 2872 mare
994 2819 1106 2889 pigrum.
1145 2822 1186 2870 11.

273 2904 459 2958 Britannorum
477 2907 558 2976 origo,
575 2905 688 2970 habitus,
706 2922 790 2970 sacra,
809 2923 902 2969 sermo,
914 2922 1008 2969 mores,
1027 2910 1067 2958 12.
1086 2903 1188 2968 militia,

274 2992 400 3060 regimen,
411 3007 487 3044 rarus
505 2998 666 3045 conventus:
685 2990 795 3057 coelum,
807 2991 900 3056 solum,
912 2991 1025 3056 metalla,
1037 2989 1186 3061 margarita.

276 3083 317 3132 13.
336 3077 431 3134 Victae
449 3081 536 3150 gentis
554 3080 698 3149 ingenium.
735 3078 879 3133 Caesarum
891 3080 919 3132 in
931 3077 1092 3131 Britanniam
1111 3093 1189 3147 expe·

274 3165 393 3220 ditiones.
432 3171 472 3219 14.
490 3164 676 3219 Consularium
692 3164 839 3235 legatorum
862 3171 1028 3235 magestas.
1067 3165 1108 3217 rt.
1130 3163 1189 3216 Bri-

273 3255 381 3308 tanniae
398 3251 512 3317 rebellio,
532 3256 573 3306 16.
592 3251 724 3305 Boadicea
735 3251 801 3305 duce
814 3259 914 3322 coepta,
926 3269 943 3304 a
955 3252 1029 3310 Suet.
1065 3250 1188 3306 Pauiiino

274 3358 431 3412 compressa.
467 3339 540 3394 Huic
570 3337 717 3394 succedunt
744 3339 841 3409 ignavi.
880 3343 921 3394 17.
948 3339 1018 3394 Rem
1047 3339 1188 3394 restituunt

273 3429 384 3484 Petilius
397 3427 508 3482 Cerialis
520 3434 547 3482 et
559 3426 647 3480 Julius
664 3424 825 3492 hondnus3
842 3427 886 3480 hic
899 3427 1009 3492 Silures,
1021 3426 1065 3480 ille
1076 3426 1188 3496 Brigan-

273 3522 313 3569 tes
342 3516 446 3580 viricit3
478 3518 519 3568 18.
549 3513 675 3584 Agricola
701 3512 844 3568 Ordovices
873 3520 900 3570 et
929 3513 1046 3568 Monam.
1092 3512 1187 3566 Totam

273 3604 433 3674 provinciam
445 3609 530 3672 pacat,
542 3607 569 3654 et
588 3604 629 3665 19,
646 3605 689 3654 20.
708 3601 892 3667 moderatione,
903 3602 1047 3673 prudentia,
1058 3601 1188 3654 abstinen-

273 3691 319 3754 tia,
336 3689 466 3758 aequitate
484 3690 513 3741 in
530 3689 653 3758 obsequio
676 3690 778 3746 retinet.
802 3693 845 3743 21.
869 3691 1021 3761 animosque
1045 3689 1144 3743 artibus
1161 3692 1186 3742 et

274 3774 449 3845 voluptatibus
461 3774 551 3827 mollit.
