2730 4308
531 333 571 378 aa
595 335 774 378 canutum.
1081 321 1122 380 33

186 481 282 548 donee
305 483 471 567 exsanguis
495 495 638 546 senectus
663 494 727 546 tam
748 481 842 546 durae
864 481 968 547 virtuti
991 482 1122 564 impares

187 585 286 649 iaciat.
695 646 697 651 ,

227 682 358 746 XXXII.
380 679 765 748 ProximiOhattiscertum
784 685 848 770 jam
863 685 950 748 alveo
965 685 1122 762 Rhenum,

186 788 298 870 quique
328 788 475 850 terminus
504 808 575 850 esse
605 786 746 863 sufficiat,
763 786 881 868 ,Usipii
910 809 947 849 ac
976 787 1122 850 Tencteri

186 890 299 952 colunt.
357 887 512 962 Tencteri,
546 909 639 968 super
671 888 794 951 solitum
830 889 980 952 bellorum
1014 887 1121 962 decus,

187 991 336 1072 equestris
351 988 530 1069 disciplinae
545 1001 608 1050 arte
623 988 832 1069 praecellunt:
860 1010 918 1052 nec
933 989 1028 1073 major
1042 987 1123 1070 apud

189 1090 316 1153 Chattos
330 1091 464 1168 peditum
478 1088 555 1164 laus,
572 1110 665 1172 quam
687 1074 848 1152 Tencteris
875 1091 1024 1173 equitum.
1069 1089 1122 1152 Sic

188 1190 345 1252 instituere
368 1189 508 1272 majores,
532 1190 646 1270 posteri
667 1189 840 1266 imitantur;
864 1189 895 1252 hi
918 1191 1010 1268 lusus¹
1027 1188 1123 1252 infan-

188 1291 274 1364 tium,
304 1289 381 1351 haec
406 1289 554 1372 juvenum
582 1290 756 1366 aemulatio,
785 1303 982 1370 perseverant
1009 1310 1122 1352 serres·

188 1390 266 1452 inter
280 1389 428 1453 familiam
450 1401 481 1452 et
500 1401 627 1474 penates
649 1403 681 1453 et
705 1390 775 1474 jura
796 1391 1031 1454 successionum
1051 1391 1121 1473 equi

152 1491 153 1494 ’
187 1490 366 1566 traduntnr;
401 1491 513 1571 excipit
539 1490 631 1566 filius,
661 1513 731 1567 non,
760 1504 796 1556 ut
830 1504 941 1566 cetera,
971 1491 1123 1554 maximus
1197 1529 1200 1534 -

186 1603 268 1666 natu,
285 1590 339 1655 sed
355 1607 444 1672 prout
457 1589 543 1654 ferox
556 1591 637 1655 bello
652 1603 683 1655 et
697 1590 814 1656 melior.
1120 1589 1122 1594 ’

226 1689 371 1752 XXXIII.
393 1690 487 1760 Juxta
515 1693 685 1757 Tencteros
714 1691 855 1758 Bructeri
884 1695 957 1758 olim
984 1715 1124 1759 occurre·

185 1791 279 1856 bant:
316 1815 399 1856 nunc
430 1793 604 1856 Chamavos
633 1801 665 1856 et
693 1796 890 1878 Angrivarios
929 1797 1122 1880 immigrasse
1227 1858 1229 1862 ,

186 1907 332 1969 narratur,
347 1894 446 1974 pulsis
468 1893 626 1958 Bructeris
641 1916 678 1958 ac
691 1897 814 1977 penitus
829 1897 941 1959 excisis
955 1897 1124 1960 vicinarum

165 2015 338 2079 ¹consensu
364 1996 531 2071 nationum,
555 2017 611 2058 seu
638 1996 797 2076 superbiae
821 1997 900 2072 odio,
916 2018 972 2060 seu
993 1996 1123 2078 praedae

185 2092 358 2170 dulcedine,
374 2117 431 2158 seu
445 2095 548 2158 favore
570 2096 704 2178 quodam
726 2117 799 2178 erga
813 2117 868 2158 nos
883 2096 1030 2160 deorum:
1053 2118 1122 2159 nam

185 2215 224 2256 ne
239 2195 417 2278 spectaculo
429 2195 554 2278 quidem
568 2195 673 2275 proelii
689 2196 841 2258 invidere:
866 2216 958 2275 super
969 2197 1124 2278 sexaginta

132 2365 134 2370 ,
186 2294 292 2369 millia,
314 2316 374 2356 non
400 2296 491 2356 armis
514 2294 641 2379 telisque
665 2295 825 2372 Romanis,
849 2295 913 2372 sed,
937 2296 1019 2380 quod
1040 2317 1125 2380 mag·

187 2389 360 2458 nificentius
402 2408 459 2471 est,
501 2396 694 2460 oblectationi
736 2397 895 2481 oculisque
938 2397 1123 2461 ceciderunt.

187 2495 321 2573 Maneat,
344 2517 469 2580 quaeso,
485 2496 635 2580 duretque
656 2497 808 2581 gentibus,
825 2498 927 2562 sinon
947 2519 1033 2560 amor
1054 2518 1124 2560 nos·

187 2598 233 2672 tri,
255 2609 287 2660 at
311 2611 393 2662 certe
416 2597 521 2661 odium
547 2599 618 2661 sni:
649 2597 780 2682 quande,
804 2599 983 2682 urgentibus
1005 2599 1124 2680 imperii

187 2697 267 2775 fatis,
282 2699 357 2763 nihil
379 2700 444 2784 jam
465 2713 619 2781 praestare
641 2689 761 2764 fortuna
785 2700 884 2784 majus
906 2711 1015 2781 potest,
1031 2721 1124 2776 quam

187 2795 321 2861 hostium
340 2798 533 2863 discordiam.

228 2896 372 2960 XXXIV.
394 2901 592 2983 Angrivarios
605 2913 635 2964 et
648 2899 824 2964 Chamavos
837 2922 855 2963 a
867 2912 952 2984 tergo
966 2899 1124 2984 Dulgioini

188 3011 218 3062 et
248 2999 411 3063 Chasuarii
428 3001 556 3072 cludunt
580 3002 720 3084 aliaeque
748 3013 866 3085 gentes
889 3001 971 3064 haud
999 3000 1124 3082 perinde

188 3112 382 3162 memoratae.
434 3101 464 3162 A
491 3099 589 3164 fronte
617 3102 708 3166 Frisii
734 3103 899 3184 excipiunt.
954 3101 1123 3186 Majoribus

188 3199 417 3282 minoribusque
439 3199 548 3264 Frisiis
567 3203 751 3266 vocabulum
772 3215 820 3266 est
834 3225 873 3266 ex
886 3203 978 3266 modo
993 3203 1122 3264 virium:

189 3314 333 3381 utraeque
355 3299 492 3362 nationes
514 3323 613 3385 usque
642 3303 681 3366 ad
710 3303 872 3366 Oceanum
901 3301 1013 3364 Rheno
1037 3322 1124 3381 prae·

188 3412 338 3474 texuntur,
376 3388 573 3485 ambiuntque
610 3405 776 3466 immensos
812 3405 938 3482 insuper
972 3401 1058 3464 lacus
1094 3413 1123 3464 et

189 3501 338 3566 Romanis
374 3501 526 3565 classibus
561 3505 728 3587 navigatos.
786 3504 895 3584 Ipsum
923 3502 997 3585 quin
1032 3503 1124 3568 etiam

189 3600 349 3666 Oceanum
373 3602 426 3666 illa
447 3605 649 3676 tentavimus:
673 3617 705 3667 et
730 3623 893 3685 superesse
921 3601 1022 3666 adhuc
1044 3601 1124 3668 Her·
1185 3607 1190 3610 ’

191 3703 265 3766 culis
294 3704 454 3767 columnas
479 3703 560 3768 fama
581 3705 739 3788 vulgavit;
769 3705 835 3766 sive
863 3702 937 3767 adiit
959 3702 1124 3779 Hercules,
