2730 4308
241 358 281 416 ³8
572 372 599 414 t.
627 331 724 414 court.
748 367 858 413 rncrrr

238 522 415 603 insumpta:
439 541 485 599 ac,
499 520 525 584 si
540 520 637 584 virtus
652 520 844 583 exercituum
859 529 890 580 et
905 516 1039 581 Romani
1052 517 1184 582 nominis

238 623 335 705 gloria
358 634 523 704 patoretur,
538 622 681 686 inventus
702 622 735 684 in
757 621 824 702 ipsa
840 619 998 683 Britannia
1022 619 1172 683 terminus

238 723 322 788 Nam
346 725 437 789 Clota
459 736 491 788 et
512 723 668 801 Bodotria,
697 723 810 786 diversi
840 722 934 785 maris
964 721 1101 784 aestibus
1130 739 1182 802 per

239 827 425 890 immensum
445 839 597 902 resectae,
614 837 745 909 angusto
760 837 909 888 terrerum
924 824 1023 904 spatio
1037 823 1184 886 dirimun-

239 942 306 992 tur:
336 929 418 1013 quod
447 941 515 992 tum
542 927 705 1010 praesidiis
734 926 933 989 firmabatur:
963 937 1055 1009 atque
1084 927 1183 990 omnis

240 1030 361 1111 propior
395 1030 481 1093 sinus
517 1028 688 1104 tenebatur,
720 1027 883 1090 summotis
911 1025 998 1090 velut
1033 1026 1065 1089 in
1093 1025 1185 1089 aliam

238 1130 371 1194 insulam
394 1130 546 1194 hostibus.

280 1232 404 1297 XXIV.
438 1231 557 1308 Quinto
586 1231 816 1314 expeditionum
852 1251 941 1308 anno,
973 1251 1051 1293 nare
1087 1230 1185 1312 prima

239 1347 459 1419 transgressus,
489 1334 609 1419 ignotas
637 1332 677 1396 ad
706 1332 738 1396 id
766 1343 890 1417 tempus
925 1344 1034 1416 gentes
1069 1331 1185 1394 crebris

238 1437 330 1500 simul
358 1459 395 1499 ac
420 1436 575 1518 prosperis
600 1434 726 1516 proeliis
748 1433 886 1497 domuit:
910 1453 1043 1516 eamque
1066 1444 1186 1514 partem

239 1536 423 1613 Britanniae,
447 1557 527 1620 quae
556 1535 741 1600 Hiberniam
769 1536 889 1618 aspicit,
919 1535 1016 1617 copiis
1044 1535 1186 1599 instruxit

238 1640 270 1701 in
298 1659 387 1718 spem
422 1638 523 1720 magis
550 1659 646 1720 quam
679 1637 718 1700 ob
747 1637 966 1715 formidinem3
1004 1637 1031 1700 si
1059 1636 1186 1721 quidem

238 1739 399 1816 Hibernia,
427 1738 530 1802 medio
558 1740 638 1802 iuter
666 1736 855 1803 Britanniam
883 1751 976 1824 atque
999 1737 1186 1820 ffipaniam

239 1843 343 1904 sitast
359 1840 480 1905 Gallico
501 1861 625 1925 quoque
647 1841 725 1904 mari
747 1853 927 1926 opportuna,
942 1841 1185 1906 valentissimam

239 1944 358 2025 imperii
393 1955 513 2025 partem
547 1943 669 2027 magnis
703 1943 838 2007 invicem
872 1943 982 2006 usibus
1015 1943 1186 2008 miscuerit.
1239 2021 1241 2026 Ι

239 2045 381 2128 Spatium
411 2046 488 2131 ejus,
519 2046 547 2109 si
575 2044 751 2109 Britanniae
780 2058 984 2130 comparetur,
1012 2046 1185 2129 angustius,

239 2150 332 2213 nostri
361 2150 455 2213 maris
482 2148 599 2212 insulas
629 2160 763 2231 superat.
808 2147 919 2212 Solum
947 2147 1132 2231 coelumque
1155 2161 1186 2211 et

238 2249 540 2335 ingenia'cultusquc
562 2250 722 2314 hominum
743 2249 827 2313 haud
849 2249 982 2313 multum
996 2271 1015 2312 a
1029 2248 1186 2314 Britannia

239 2352 399 2416 differunt:
430 2352 464 2424 in
487 2352 601 2416 melius
623 2352 725 2416 aditus
746 2365 915 2436 portusque
929 2373 986 2437 per
999 2353 1185 2416 commercia

239 2466 269 2516 ct
283 2455 487 2537 negotiatores
510 2455 636 2537 cogniti.
681 2454 828 2538 Agricola
849 2454 1014 2536 expulsum
1036 2454 1185 2519 seditione

239 2555 408 2623 domestica
422 2577 520 2618 unum
542 2576 582 2618 ex
601 2556 718 2639 regulis
738 2558 838 2640 gentis
853 2541 1020 2638 exceperat
1029 2578 1066 2621 ac
1081 2557 1185 2638 specie

239 2656 392 2721 amicitiae
427 2658 460 2720 iu
496 2657 692 2721 occasionem
726 2659 886 2722 retinebat.
943 2658 1044 2740 Saepe
1077 2679 1116 2721 ex
1148 2678 1186 2721 eo

215 2759 352 2836 audivi,
367 2758 489 2842 legione
510 2781 573 2824 una
595 2772 626 2823 et
646 2759 777 2824 modicis
799 2760 921 2824 auxiliis
940 2759 1087 2824 debellari
1109 2759 1186 2823 obti-

241 2860 366 2944 nerique
403 2859 588 2925 Hiberniam
623 2883 727 2947 posse.
772 2861 871 2946 quue
907 2863 1001 2927 etiam
1036 2861 1186 2926 adversus

244 2962 430 3026 Britanniam
450 2957 655 3045 profuturum,
679 2966 706 3027 si
733 2963 875 3028 Romana
900 2965 1016 3048 ubique
1038 2986 1132 3040 arma,
1155 2978 1186 3026 et

244 3064 324 3128 :elut
338 3085 355 3127 e
370 3079 540 3151 conspectu
554 3067 679 3130 libertas
695 3067 862 3130 tolleretur.

281 3165 388 3231 XXV.
414 3167 563 3232 Ceterum
584 3174 713 3244 aestate,
728 3191 791 3252 qua
813 3180 935 3232 sextum
957 3167 1050 3232 officii
1072 3189 1187 3232 annunt

241 3267 411 3344 inchoabat,
435 3269 596 3353 amplexus
622 3270 762 3332 civitates
786 3282 869 3332 trans
896 3266 1074 3332 Bodotriam
1101 3270 1183 3344 sitas¹

239 3371 312 3453 quia
345 3383 448 3433 motus
484 3371 698 3434 universarum
732 3369 812 3433 ultra
847 3371 988 3454 gentium
1016 3382 1047 3435 et
1076 3369 1182 3434 infesta

239 3470 358 3535 hostilis
395 3473 548 3535 exercitus
582 3471 691 3534 itinera
721 3471 917 3548 timebantur,
945 3485 1053 3553 portus
1085 3471 1184 3534 classe

239 3573 424 3653 exploravit:
447 3595 538 3657 quae,
568 3573 607 3636 ab
636 3573 783 3657 Agricola
810 3573 947 3659 primum
974 3585 1135 3655 assumpta
1156 3556 1185 3636 in

232 3665 356 3737 'nartem
377 3676 498 3751 virium,
515 3675 702 3760 sequebatur
726 3677 851 3760 egregia
874 3676 988 3761 specie,
1005 3696 1079 3738 cum
1094 3673 1185 3738 simul

241 3787 328 3849 terra,
345 3775 438 3838 simul
451 3778 529 3841 mari
543 3777 660 3842 bellum
680 3776 899 3862 impelleretur,
915 3799 952 3841 ac
967 3798 1060 3859 saepe
1078 3776 1184 3842 iisdem
