2730 4308
230 325 271 383 32
545 343 575 385 c.
598 341 695 385 cons.
717 339 853 384 merrus

228 488 381 572 siquidem
409 489 512 570 colles,
528 489 674 570 paulatim
698 504 864 564 rarescunt,
895 500 926 552 et
941 485 1073 554 Chattos
1092 509 1166 554 suos

229 589 324 652 saltus
354 589 532 673 Hercynius
566 590 760 673 prosequitur
787 588 880 651 simul
911 600 1003 673 etque
1031 589 1166 671 deponit.

228 687 360 752 Duriors
382 678 465 772 genti
488 709 624 772 corpora,
652 689 747 752 stricti
772 701 867 764 ortus,
882 690 987 751 minax
1007 689 1111 753 vultus
1135 703 1166 754 et

229 788 324 874 major
358 790 452 853 animi
480 791 575 872 rigor.
631 788 777 866 Multum,
806 801 842 852 ut
876 791 954 852 inter
983 788 1165 866 Germanos,

229 891 353 980 rationis
389 912 426 954 ac
463 890 625 954 solertiae:
670 910 857 974 praeponere
897 890 1022 965 electos,
1060 891 1166 954 audire

229 992 428 1076 praepositos,
463 1011 556 1053 nosse
593 989 724 1065 ordines,
764 989 933 1073 intelligere
976 992 1165 1068 occasiones,

229 1091 349 1156 differre
371 1093 515 1176 impetus,
530 1091 691 1172 disponere
713 1090 806 1165 diem,
820 1090 934 1154 vellere
958 1103 1091 1168 noctem,
1105 1091 1167 1154 for·

229 1205 335 1258 tunam
362 1195 439 1258 inter
466 1193 570 1270 dubia,
596 1193 741 1256 virtutem
768 1192 847 1254 inter
873 1204 957 1255 certa
984 1213 1165 1255 numerare:

229 1295 371 1378 quodque
392 1296 584 1358 rarissimum
605 1314 663 1356 nee
684 1293 744 1356 nisi
764 1293 880 1355 ratione
901 1291 1080 1374 disciplinae
1095 1314 1166 1357 con·

229 1417 363 1473 cessum,
377 1395 448 1477 plus
461 1415 606 1476 reponere
620 1396 652 1457 in
662 1393 752 1471 duce,
767 1415 861 1478 quom
875 1395 1024 1458 exercitui
1065 1393 1166 1458 Omne

230 1497 321 1558 robur
334 1497 365 1558 in
378 1496 491 1577 pedite,
505 1517 608 1579 quem,
622 1515 715 1575 super
728 1515 822 1570 arma,
837 1493 1028 1558 ferramentis
1043 1516 1165 1579 quoque

230 1609 261 1658 et
275 1596 371 1677 copiis
392 1607 525 1658 onerant.
568 1594 656 1658 Alios
678 1593 717 1657 ad
737 1594 886 1675 proelium
896 1591 1167 1675 ireridees‚Chat·

230 1715 277 1760 tos
306 1696 344 1759 ad
371 1696 499 1759 bellurn.
543 1694 618 1758 Rsri
653 1715 801 1758 excursus
830 1707 862 1758 et
889 1693 1012 1758 fortuita
1038 1713 1164 1778 pugno;

230 1797 420 1880 equestrium
455 1817 528 1859 sane
557 1796 669 1860 virium
703 1795 735 1859 id
770 1797 935 1878 proprium,
965 1796 1026 1858 cito
1060 1817 1166 1877 parare

230 1898 397 1974 uictoriam,
426 1897 488 1961 cito
516 1896 646 1962 cedere:
674 1897 821 1960 velocitas
846 1897 933 1982 juxta
961 1897 1165 1965 formidinem.

231 2000 384 2062 cunctatio
397 2000 518 2080 propior
531 2000 720 2062 constantiae
735 2009 793 2061 est.

272 2097 397 2164 XXXI.
419 2096 462 2162 Et
486 2099 554 2162 aliis
582 2096 806 2162 Germanorum
836 2099 957 2179 populis
986 2110 1167 2179 usurpatum

231 2222 296 2264 rara
324 2213 355 2264 et
381 2201 498 2282 privata
533 2198 682 2283 cujusque
711 2198 854 2262 audentia
889 2199 970 2280 apud
987 2195 1117 2264 Chattos
1135 2200 1166 2262 in

231 2321 417 2364 consensum
437 2301 536 2376 vertit,
552 2311 586 2362 ut
598 2301 734 2384 primum
755 2298 949 2375 adoleverint,
965 2300 1082 2362 crinem
1099 2300 1166 2362 ber·

230 2403 363 2484 bamque
399 2401 587 2476 submittere,
617 2420 685 2474 nec,
717 2400 777 2462 nisi
806 2399 894 2463 hoste
923 2422 1024 2477 caeso,
1055 2421 1166 2464 exuere

230 2503 367 2566 votivum
395 2499 623 2582 obligatumque
652 2501 755 2563 virtuti
784 2501 844 2564 oris
873 2500 1021 2564 habitum.
1066 2501 1167 2583 Super

231 2602 412 2685 sanguinem
441 2612 472 2662 et
507 2599 604 2680 spolia
637 2600 772 2664 revelant
800 2601 939 2678 frontem,
970 2623 1065 2686 seque
1101 2615 1166 2666 turn

230 2701 356 2764 demum
376 2701 473 2781 pretia
493 2699 639 2764 nascendi
660 2701 812 2776 retulisse,
826 2700 996 2785 dignosque
1017 2703 1115 2784 petria
1129 2724 1167 2765 ac

230 2802 405 2884 perentibus
423 2799 551 2883 ierunt.
608 2801 732 2885 Ignaris
775 2813 806 2866 et
848 2803 1022 2866 imbellibus
1065 2815 1167 2866 manet

231 2902 362 2986 squalor.
406 2901 605 2980 Fortissimus
627 2902 757 2986 quisque
772 2903 905 2967 ferreum
927 2905 1051 2985 insuper
1071 2913 1167 2967 annu'-
1200 2909 1202 2914 ’

231 3005 296 3067 lum
316 3003 567 3088 (ignominiosum
589 3002 621 3067 id
641 3004 739 3088 genti)
760 3004 845 3067 velut
871 3005 1029 3068 vinculum
1057 3016 1165 3088 gestat,

230 3105 327 3168 donec
349 3125 383 3167 se
406 3103 500 3167 caede
522 3103 619 3168 hostis
645 3105 792 3168 absolvat.
826 3102 975 3168 Plurimis
988 3103 1166 3169 Chattorum

230 3207 279 3297 hic
294 3206 394 3289 placet
415 3204 547 3269 habitus.
591 3205 723 3289 Jamque
739 3207 1012 3290 canentinsignes,
1028 3206 1167 3270 ethosti·
1243 3271 1246 3277 ,
1350 3235 1351 3306 j

229 3311 288 3372 bus
317 3307 410 3372 simul
439 3308 565 3390 suisque
596 3308 765 3370 monstrati.
810 3308 959 3371 Omnium
986 3331 1081 3390 penes
1110 3309 1166 3370 hos

230 3412 315 3474 initia
328 3405 519 3493 pugnarum:
540 3407 618 3470 haec
631 3409 728 3488 prima
743 3429 864 3489 semper
878 3397 971 3484 acies,
984 3411 1055 3473 risu
1068 3430 1165 3484 nora;

230 3533 302 3574 nam
322 3533 361 3573 ne
383 3512 415 3574 in
439 3530 515 3590 pece
541 3508 666 3592 qurdem
680 3510 767 3574 vultu
791 3510 910 3572 mitiore
935 3521 1171 3574 mansuescunt

232 3612 318 3676 Nulli
331 3610 441 3675 domus
457 3623 509 3673 aut
523 3631 597 3695 ager
610 3622 664 3673 aut
675 3610 779 3691 alique
791 3632 883 3674 cura:
907 3624 996 3692 prout
1010 3610 1049 3674 ad
1061 3631 1155 3694 quem

230 3734 290 3798 que
305 3732 426 3787 venere,
442 3712 582 3776 aluntur:
604 3711 723 3796 prodigi
738 3712 840 3779 alieni.
855 3725 1082 3796 contemptores
1099 3733 1148 3775 sur
