2730 4308
521 399 562 441 os
586 397 766 441 oenusnrs.
1074 381 1114 441 ³9

176 547 270 631 Rugii
299 558 331 610 et
353 544 516 610 Lemovii·
547 547 746 630 omniumque
775 545 885 609 harum
909 545 1049 630 gentiunt
1070 544 1116 609 in·

174 651 271 733 signe,
300 647 428 712 rotunda
458 661 555 725 scuta,
584 649 693 711 breves
728 647 833 732 gladii,
862 659 894 711 et
922 669 995 733 erga
1026 669 1115 732 reges

174 751 368 833 obsequium.

214 847 324 914 XLIV·
355 851 507 916 Suionum
544 851 615 916 hinc
644 851 792 928 civitates,
823 851 890 933 ipso
918 851 951 915 in
979 851 1116 928 Oceano,
1215 914 1219 918 .

174 966 293 1040 praeter
306 955 388 1017 viros
403 975 549 1037 annaque
565 953 718 1017 classibus
732 953 856 1017 valent:
879 952 979 1017 forma
991 954 1117 1018 navium

174 1077 211 1120 eo
231 1055 344 1132 differt,
365 1055 448 1140 quod
469 1055 625 1139 utrimque
646 1057 742 1136 prora
761 1067 898 1137 paratam
921 1075 1044 1137 semper
1065 1077 1118 1138 ap-

175 1156 278 1238 pulsui
300 1155 432 1220 frontem
453 1156 535 1240 agit:
558 1154 1132 1240 neovelisministrantuqneeremos

177 1259 207 1321 in
228 1257 365 1322 ordinem
385 1257 532 1320 lateribus
555 1256 735 1341 adjungunt.
780 1256 934 1334 Solutum,
949 1269 985 1320 ut
1005 1258 1038 1320 in
1052 1258 1119 1341 qui-

177 1359 307 1422 ousdam
321 1358 493 1435 fluminum,
510 1370 541 1421 et
555 1358 712 1434 mutabile,
727 1368 763 1421 ut
782 1379 833 1421 res
858 1359 968 1440 poscit,
984 1356 1056 1422 hinc
1070 1358 1119 1421 vel

177 1454 464 1544 illinc'remigium.
506 1457 567 1523 Est
594 1459 676 1541 apud
704 1459 774 1523 illos
802 1471 834 1523 et
861 1460 971 1542 opibus
999 1457 1118 1536 honos;

176 1582 275 1644 eoque
298 1581 380 1624 unus
404 1561 565 1642 imperitat,
589 1560 681 1624 nullis
704 1560 770 1646 jam
795 1547 1037 1643 exceptionibus,
1059 1581 1121 1623 non

175 1663 312 1744 precario
336 1661 404 1748 jure
426 1662 563 1747 parendi.
606 1661 677 1725 Nec
705 1685 799 1739 arma,
829 1675 864 1726 ut
891 1662 973 1745 apud
1001 1674 1121 1727 ceteros

176 1763 358 1840 Germanos,
374 1765 406 1828 in
430 1765 616 1849 promiscuo,
640 1763 696 1842 sed
721 1765 828 1829 clause
851 1765 909 1828 sub
935 1763 1064 1829 custode
1090 1776 1121 1826 et

176 1866 301 1949 quidem
316 1887 424 1929 servo:
447 1867 520 1950 quia
535 1866 653 1931 subitos
673 1866 809 1930 hostium
823 1867 965 1930 incursus
979 1865 1122 1952 prohibet

177 1959 340 2044 Oceanus,¹
359 1968 458 2031 otiosa
484 1964 585 2049 porro¹
602 1980 787 2031 armatorum
814 1988 926 2031 manus
947 1965 1038 2031 facile
1060 1967 1107 2030 las

142 2111 146 2118 -
177 2068 313 2134 civiunt:
338 2070 494 2133 enimuero
522 2090 623 2153 neque
645 2069 782 2133 nobilem
810 2089 911 2150 neque
940 2069 1110 2152 ingenuum

177 2191 216 2232 ne
233 2169 410 2234 libertinum
423 2169 559 2252 quidem,
577 2171 670 2232 armis
682 2189 878 2250 *praeponere
900 2169 985 2251 regia
1007 2167 1121 2230 utilitas

177 2283 235 2334 cst.
389 2349 392 2355 Ι
461 2327 463 2332 .
724 2295 727 2302 “

219 2367 315 2431 XLV.
338 2369 441 2433 Trans
464 2371 597 2434 Suionas
620 2369 703 2434 aliud
724 2391 819 2446 mare,
834 2371 957 2457 pigrum
972 2393 1009 2434 ac
1028 2391 1122 2453 prope

178 2475 350 2548 immotum,
377 2493 440 2556 quo
465 2472 546 2556 cingi
572 2472 716 2556 cludique
745 2484 893 2536 terrarum
922 2472 1028 2536 orbem
1051 2471 1123 2537 hine

178 2574 266 2651 fides,
298 2574 381 2657 quod
410 2586 566 2637 extremus
595 2574 732 2638 cadentis
766 2574 831 2660 jam
860 2573 933 2638 solis
962 2565 1064 2659 fulgor
1091 2577 1122 2639 in

178 2687 262 2739 ortus
287 2675 396 2739 edurat
416 2675 494 2740 adeo
523 2676 634 2753 clarus,
656 2689 692 2740 ut
718 2676 818 2740 sidera
838 2675 983 2755 hebetet3
1012 2697 1123 2742 sonum

179 2779 303 2859 insuper
330 2777 438 2854 audiri,
468 2777 644 2861 formasque
673 2777 802 2840 deorum
831 2790 862 2840 et
889 2777 990 2840 radios
1013 2778 1122 2859 capitis

179 2879 275 2960 aspici
300 2871 459 2961 persuasio
484 2877 597 2963 adjicit.
641 2878 721 2941 Illuc
743 2900 854 2962 usque,
882 2891 912 2941 et
935 2877 1019 2942 fama
1039 2899 1122 2956 vera,

179 2977 296 3044 tantum
309 2994 427 3045 natura.
472 2979 558 3064 Ergo
573 2981 638 3064 jam
652 2980 758 3044 dextro
774 2980 900 3044 Suevici
914 2981 1008 3045 maris
1023 2981 1122 3044 littore

181 3075 365 3161 Aestyorum
387 3093 496 3166 gentes
511 3081 688 3146 alluuntur:
711 3082 825 3166 quibus
839 3083 916 3146 ritus
938 3081 1122 3164 habitusque

182 3181 380 3259 Suevorum;
423 3182 530 3265 lingua
567 3180 761 3246 Britannicae
800 3183 931 3265 propior.
990 3181 1123 3246 Matrem

180 3281 275 3346 deum
315 3294 521 3346 venerantur:
567 3283 688 3367 insigne
731 3273 965 3368 superstitionis,
1009 3281 1122 3356 formas

138 3396 142 3403 '
180 3404 324 3464 aprorum
358 3395 501 3467 gestant3
538 3384 570 3448 id
603 3406 659 3466 pro
695 3387 788 3448 armis
825 3385 968 3466 omnique
1004 3381 1121 3445 tutela:

180 3505 325 3549 securum
347 3484 424 3547 deae
453 3485 602 3549 cultorem
630 3488 724 3550 etiam
746 3488 824 3550 inter
845 3485 949 3547 hostes
978 3494 1122 3567 praestat.

181 3585 283 3650 Rarus
319 3586 401 3661 ferri,
441 3586 586 3669 frequens
628 3585 758 3651 fustium
802 3607 891 3662 usus.
957 3583 1122 3647 Frumento

180 3701 359 3772 ceterosque
388 3685 506 3751 fructus
534 3690 709 3769 patientius,
733 3708 826 3771 quam
854 3707 910 3770 pro
933 3685 1021 3749 solita
1044 3685 1120 3749 Ger-

181 3809 339 3852 manorum
361 3789 478 3927 iqertia,
501 3789 648 3853 laborant.
694 3781 759 3852 sed
780 3799 812 3850 ct
832 3808 916 3850 mare
939 3799 1112 3851 scrutantur
