2766 4306
568 398 734 442 nonrcons-
1085 381 1126 440 67

190 546 326 612 hornum
340 567 439 610 acrem
461 547 609 611 invasere.
652 545 738 609 Tum
760 565 832 610 vero
853 544 1026 628 patentibus
1049 543 1125 608 lucis

190 647 304 732 grande
320 659 351 710 et
364 659 449 711 auor
462 647 692 728 spectaculum:
716 648 815 731 sequi,
830 641 1003 722 vulnerare,
1015 667 1125 728 capere

191 760 283 832 atque
306 747 441 822 eosdem,
458 747 565 810 oblatis
587 747 666 823 aliis,
681 745 845 826 trucidare.
887 746 959 810 Jam
982 747 1126 823 hostium,

192 859 281 930 prout
316 849 429 930 cuique
465 848 623 931 ingenium·
658 860 732 924 erat,
769 859 909 912 catervae
944 843 1127 912 armatorum

192 948 387 1032 paucioribus
415 960 501 1031 terga
531 961 695 1028 praestare,
725 947 850 1030 quidam
882 950 1014 1012 inermes
1049 947 1129 1011 ultro

192 1071 280 1114 ruere
295 1071 332 1113 ac
346 1070 381 1111 se
396 1049 485 1112 morti
508 1048 635 1130 offerre:
677 1050 792 1130 passim
818 1069 902 1112 arma
916 1061 946 1111 et
959 1069 1084 1130 corpora
1099 1059 1128 1111 et

154 1137 155 1140 Ἴ
193 1149 284 1214 laceri
306 1161 391 1212 artus
419 1161 451 1211 et
478 1159 604 1211 cruenta
631 1148 764 1210 humus:
787 1160 819 1210 et
847 1148 1010 1231 aliquando
1038 1149 1129 1212 etiam

192 1251 282 1314 victis
311 1249 356 1312 ira
382 1249 557 1332 virtusquer
594 1260 758 1332 postquam
793 1248 879 1312 silvis
907 1249 1127 1331 appropinqua·

193 1363 273 1426 runt,
289 1349 409 1413 collecti
430 1351 545 1430 primos
566 1351 761 1433 sequentium
782 1351 920 1413 incautos
942 1361 973 1412 et
993 1349 1130 1413 locorum

194 1451 316 1534 ignaros
345 1449 632 1513 circumveniebant.
677 1449 770 1523 Quod
791 1451 821 1514 ni
844 1449 988 1533 frequens
1015 1449 1130 1533 ubique

196 1550 339 1635 Agricola
352 1550 467 1614 validas
482 1564 514 1614 et
528 1550 683 1632 expeditas
704 1549 844 1614 cohortes
865 1551 1015 1635 indaginis
1029 1551 1130 1628 modo,

134 1653 138 1660 '
195 1664 235 1728 et,
265 1651 365 1715 sicubi
393 1652 521 1714 arctiora
552 1663 646 1726 erant,
675 1663 793 1732 partem
829 1653 968 1735 equitum
995 1651 1130 1714 dimissis

196 1753 294 1835 equis,
311 1751 404 1815 simul
425 1752 554 1815 rariores
576 1752 669 1816 silvas
684 1753 820 1835 equitem
834 1752 1002 1837 persultare
1021 1751 1130 1836 jussis-

196 1866 252 1929 set,
274 1865 437 1933 acceptum
464 1851 727 1936 aliquodvulnus
754 1875 809 1934 per
836 1853 963 1917 nimiam
985 1852 1130 1917 fiduciam

197 1952 282 2016 leret.
342 1953 499 2030 Ceterum,
535 1953 588 2016 ubi
624 1955 811 2034 compositos
843 1954 940 2017 firmis
977 1953 1133 2018 ordinibus
1233 1983 1244 2001 ·

196 2053 284 2136 sequi
305 2074 411 2117 :tusus
433 2053 546 2128 videre,
569 2053 601 2115 in
621 2051 729 2136 fugam
750 2053 841 2128 versi,
864 2074 925 2114 non
948 2053 1133 2135 agminibus,
1156 2121 1158 2126 ,

196 2166 231 2216 ut
258 2154 353 2237 prius,
375 2173 435 2216 nec
456 2153 536 2215 alius
563 2152 658 2215 alium
679 2163 897 2232 respectantes,
920 2153 979 2214 rari
1007 2164 1039 2214 et
1058 2153 1133 2214 rita-

196 2252 291 2315 bundi
320 2253 463 2326 invicem,
485 2251 651 2334 longinqua
672 2262 764 2332 atque
786 2251 855 2313 avia
878 2251 1005 2331 petiere.
1047 2249 1134 2313 Finis

197 2351 346 2435 sequendi
360 2373 421 2414 nox
435 2362 466 2414 et
480 2352 604 2414 satietas
618 2351 696 2416 fnit:
719 2371 811 2414 caesa
824 2349 960 2414 hostium
973 2350 1012 2414 ad
1025 2349 1135 2414 decem

197 2453 313 2521 millia:
335 2465 507 2516 nostrorum
521 2454 648 2516 trecenti
663 2453 821 2533 sexaginta
835 2451 994 2516 cecidere:
1020 2453 1051 2515 in
1065 2452 1135 2535 quis

197 2554 299 2619 Aulus
313 2554 435 2618 Atticus
459 2554 633 2636 praefectus
659 2555 801 2631 cohortis,
825 2553 953 2639 juvenili
978 2556 1082 2621 ardore
1105 2567 1136 2617 et

198 2656 312 2720 ferocia
325 2655 397 2734 equi
412 2653 551 2720 hostibus
566 2647 735 2748 illatus-ig,

239 2752 413 2818 XXXVIII.
435 2755 479 2822 Et
499 2779 561 2822 nox
581 2758 707 2843 quidem
728 2744 841 2841 gaudio
862 2757 1034 2842 praedaque
1057 2758 1135 2822 laeta

199 2857 388 2921 victoribus:
437 2857 575 2922 Britanni
616 2859 763 2940 palantes,
806 2845 962 2942 minioque
1003 2860 1136 2922 virorum

200 2958 424 3043 mulierumque
452 2959 580 3040 ploratu,
604 2959 722 3022 trahere
745 2959 929 3036 vulneratos,
952 2981 1061 3022 vocare
1091 2961 1136 3022 in·

104 3057 109 3068 '
198 3072 311 3142 tegros,
327 3059 468 3122 deserere
490 3058 598 3120 domos
619 3080 656 3120 ac
677 3080 733 3139 per
754 3061 829 3122 iram
850 3059 930 3122 ultro
950 3059 1134 3123 incendere:

200 3159 314 3242 eligere
328 3157 459 3222 latebras
475 3171 506 3220 et
520 3157 623 3222 statim
643 3159 834 3242 relinquere:
858 3161 988 3224 miscere
1003 3161 1136 3224 invicem

200 3257 328 3323 consilia
354 3258 465 3341 aliqua,
490 3257 566 3322 dein
595 3280 755 3340 separare:
779 3260 941 3342 aliquando
968 3259 1066 3342 frangi
1088 3281 1137 3322 as·

200 3371 292 3443 pectu
319 3359 481 3443 pignorum
504 3381 639 3435 suorum,
663 3361 786 3441 saepius
816 3359 957 3423 concitar‘
969 3382 977 3421 :
1001 3360 1136 3441 satisque

201 3461 368 3535 constabat,
394 3461 531 3524 saevisse
552 3460 703 3543 quosdam
731 3463 763 3524 in
788 3460 934 3544 conjuges
955 3481 993 3522 ac
1013 3459 1136 3536 liberos,

201 3576 346 3646 tanquam
372 3561 597 3624 misererentur.
649 3561 813 3626 Proximus
842 3560 909 3624 dies
935 3561 1047 3624 faciem
1075 3562 1137 3624 ric·

202 3663 294 3728 toriae
308 3662 400 3726 latius
421 3661 558 3744 aperuit:
580 3673 703 3726 vastum
716 3661 831 3745 ubique
847 3661 1011 3738 silentium,
1028 3663 1138 3726 secreti

202 3763 306 3840 mlier,
335 3762 485 3827 fumantia
519 3762 626 3845 procul
655 3774 744 3840 tecta,
774 3783 865 3826 nemo
898 3761 1138 3845 exploratoribus
1205 3791 1208 3798 ⁴
