2730 4308
562 347 721 424 santonus
868 416 871 422 .
1081 364 1124 425 ὁὶ

177 546 288 610 nerent,
308 529 421 596 hortari
441 529 593 612 privatim,
617 527 761 614 adjuvare
783 529 917 611 publice,
940 542 975 594 ut
996 529 1117 612 templa,

152 636 249 726 lora,
272 635 384 700 domus
413 642 613 709 exstruerent,
636 631 789 696 laudando
816 644 972 714 promptos
1002 643 1034 696 et
1054 653 1121 698 cas·

176 735 299 820 rigando
315 754 447 818 segnes:
470 733 513 797 ite
533 732 657 817 honoris
679 733 845 798 aemulatio
866 755 921 815 pro
935 735 1120 800 necessitate

176 851 250 902 erut.
293 835 366 904 Jam
390 857 464 898 vero
490 834 666 917 principum
690 834 772 898 filios
800 834 978 901 liberalibus
1005 836 1121 902 artibus

175 939 307 1016 erudire,
340 950 371 1006 et
405 937 530 1022 ingenia
565 933 782 1000 Britannorum
818 937 928 1006 studiis
960 936 1120 1004 Gallorum

175 1039 335 1116 anteferre,
351 1051 395 1115 ut,
411 1039 465 1122 qui
480 1036 572 1102 modo
593 1035 732 1121 linguam
747 1037 922 1106 Romanam
936 1039 1122 1122 abnuebant,

175 1141 383 1226 eloquentiam
404 1140 669 1221 concupiscerent.
714 1138 790 1203 Inde
806 1141 900 1206 etiam
913 1139 1037 1204 habitus
1051 1163 1122 1205 nos·

176 1243 213 1308 tri
227 1243 324 1312 honor
337 1254 369 1308 et
381 1240 527 1326 frequens
549 1253 641 1325 toga:
663 1241 874 1326 paulatimque
894 1241 1071 1308 discessum
1084 1243 1125 1320 ad

175 1342 382 1411 delenimenta
415 1343 569 1418 vitiorum,
596 1344 733 1424 porticus
761 1354 793 1407 et
819 1343 931 1408 balnea
958 1355 991 1406 et
1018 1345 1120 1408 convi-

175 1446 297 1512 viorum
317 1445 500 1530 elegantiam
512 1465 522 1508 ¹:
545 1443 639 1528 idque
664 1443 747 1526 apud
768 1445 926 1527 imperitos
947 1444 1122 1511 humanitus

176 1547 351 1623 vocabatur,
370 1568 443 1610 cum
457 1569 528 1628 pers
543 1548 701 1612 servitutis
716 1557 810 1612 esset.

216 1647 327 1716 XXII.
349 1648 479 1716 Tertius
504 1649 735 1730 expeditionum
762 1672 860 1714 annus
888 1671 984 1714 nouas
1012 1663 1121 1735 gentes

175 1753 302 1832 aperuit,
327 1753 458 1822 uastatis
485 1773 587 1835 usque
612 1751 651 1816 ad
680 1751 785 1816 Taum
813 1753 981 1834 (aestuario
1008 1774 1121 1817 nomeu

176 1853 237 1934 est)
260 1855 454 1920 nationibus:
485 1876 547 1938 qua
574 1852 736 1919 formidine
765 1855 861 1920 territi
889 1853 995 1919 hostes
1023 1875 1121 1938 quan·

175 1976 269 2038 quam
296 1955 506 2022 conflictatum
541 1957 644 2020 saevis
680 1956 917 2040 tempestatibus
952 1957 1122 2020 exercitum

175 2055 329 2120 lacessere
357 2079 420 2124 non
447 2058 538 2133 ausi;
591 2056 803 2140 ponendisque
832 2058 959 2137 insuper
985 2057 1121 2122 castellis

176 2158 310 2242 spatium
337 2157 406 2222 fuit.
450 2157 647 2224 Annotabant
677 2158 767 2237 periti
795 2179 858 2220 non
885 2156 981 2220 aliurn
1008 2156 1122 2220 ducem

139 2323 141 2326 ,
175 2259 415 2338 opportunitates
437 2255 576 2322 locorum
598 2257 768 2338 sapientius
789 2255 925 2339 legisse:
948 2255 1069 2320 nullum
1083 2257 1123 2320 ab

175 2358 322 2442 Agricola
341 2358 478 2442 positum
499 2357 664 2423 castellum
685 2371 739 2422 aut
760 2359 790 2422 vi
813 2357 948 2422 hostium
967 2377 1122 2443 expugna-

175 2471 242 2532 tum
263 2471 318 2524 aut
341 2459 483 2544 pactione
505 2479 542 2526 ec
564 2459 640 2544 luga
659 2459 828 2526 desertum.
874 2459 1009 2526 Crebrae
1032 2481 1122 2542 erup·

174 2562 293 2626 tiones:
315 2583 387 2626 nam
408 2561 556 2626 adversus
577 2583 680 2626 moras
701 2561 869 2626 obsidionis
892 2562 1002 2627 annuis
1022 2563 1122 2648 copiis
1150 2649 1153 2654 Ι

174 2663 391 2729 firmabantur:
415 2664 458 2728 ita
482 2665 632 2748 intrepida
656 2665 700 2743 ibi
725 2663 835 2741 hiems,
851 2677 883 2729 et
908 2666 966 2729 sibi
986 2667 1135 2750 quisque,

175 2766 336 2846 praesidio,
363 2767 455 2834 irritis
480 2767 621 2834 hostibus
651 2787 750 2850 eoque
776 2765 1021 2850 desperantibus,
1049 2769 1121 2851 quia

87 2893 90 2898 ·
175 2867 256 2932 soliti
285 2867 467 2952 plerumque
494 2868 607 2934 damna
640 2869 765 2934 aestatis
794 2868 931 2932 hibernis
960 2869 1121 2932 eventibus

174 2989 314 3048 pensare,
337 2981 404 3034 turn
425 2981 542 3033 aestate
564 2981 657 3051 atque
681 2968 784 3036 hieme
806 2968 893 3054 juxta
918 2968 1129 3055 pellebantur.'
1160 3046 1162 3050 .

171 3065 246 3143 ¹Nec
266 3067 421 3150 Agricola
449 3089 586 3150 unquam
606 3089 662 3148 per
690 3068 767 3132 alios
789 3081 877 3151 geste
899 3068 1007 3132 avidus
1030 3070 1122 3134 inter·

175 3167 280 3248 cepit:
303 3189 360 3230 seu
383 3169 522 3232 centurio
544 3190 600 3232 seu
622 3168 807 3253 praefectus,
824 3171 1033 3254 incorruptum
1047 3171 1121 3236 facti

176 3280 287 3334 testem
307 3267 450 3332 habebat.
493 3269 588 3354 Apud
601 3269 754 3352 quosdam
775 3271 914 3334 acerbior
928 3272 960 3334 in
974 3270 1121 3334 conviciis

176 3368 369 3454 narrabatur3
390 3378 427 3437 ut
441 3379 509 3437 erut
522 3370 617 3435 comis
632 3369 729 3453 bouis,
746 3372 895 3436 adversus
920 3370 1018 3434 malos
1043 3370 1120 3454 inju-

175 3473 295 3539 cundus
310 3494 318 3537 :
341 3485 480 3537 ceterum
495 3495 535 3536 ex
547 3473 706 3537 iracundia
720 3475 796 3538 nihil
819 3482 996 3554 supererat;
1019 3493 1121 3535 secre-

177 3589 243 3640 tum
257 3588 288 3640 et
303 3575 460 3640 silentium
482 3575 549 3658 ejus
571 3596 632 3648 non
653 3576 798 3642 timeres:
822 3573 981 3636 honestius
995 3573 1118 3654 putabat

162 3725 164 3731 ,
181 3677 343 3754 miendere,
359 3699 453 3761 quam
468 3677 581 3741 odisse.

219 3778 347 3848 XXIII.
370 3779 489 3854 Quarta
511 3793 612 3844 aestas
628 3778 811 3855 obtinendis,
826 3799 906 3862 quae
920 3796 1120 3861 percurrerat,
