2730 4308
563 379 732 424 sonrcous.
1058 388 1065 402 ·
1080 365 1117 422 ⁵5

180 527 295 592 bellum
327 525 515 604 inchoaturo,
545 540 577 592 et
603 526 758 610 plerisque
794 525 940 590 custodiri
977 537 1120 608 suspecta

179 629 281 710 potius
303 627 472 703 videbatur,
495 628 539 692 ire
562 627 684 691 obviam
705 626 873 690 discrimini
902 627 1026 690 statuit:
1048 648 1107 690 con

179 730 345 812 tractisque
381 728 538 813 legionum
572 728 693 791 vexillis
722 740 753 791 et
782 728 903 791 modica
938 726 1120 794 auxiliorum

179 853 283 906 manu,
300 831 372 912 quia
394 831 425 894 in
448 851 582 914 aequum
603 829 727 913 degredi
746 829 914 892 Ordovices
940 851 1001 892 non
1026 829 1120 894 aude·

179 933 260 1008 bant,
277 934 343 1013 ipse
366 943 436 995 ante
458 951 657 1016 agmenque
680 932 790 994 ceteris
811 953 867 1012 par
888 931 1009 994 animus
1027 929 1121 995 simili

179 1034 314 1116 periculo
330 1046 422 1110 esset,
439 1034 536 1098 erexit
554 1033 673 1096 eciem:
697 1053 849 1116 caesaque
870 1054 963 1115 prope
977 1033 1121 1096 universa

179 1147 280 1218 gente,
295 1157 358 1198 non
378 1136 503 1218 ignarus
527 1132 704 1196 instandum
722 1131 833 1210 famae,
849 1153 896 1210 ac,
910 1146 1002 1214 prout
1020 1134 1121 1215 prima

179 1237 358 1311 cessissent,
367 1241 520 1296 terrorem
530 1230 643 1298 ceteris
655 1230 862 1313 fore,Monam
871 1231 1015 1312 insulam,
1031 1233 1122 1318 cujus

180 1335 378 1419 possessione
413 1347 590 1397 revocatum
617 1332 796 1397 Paullinum
830 1332 996 1398 rebellione
1027 1335 1121 1398 totius

181 1434 357 1500 Britanniae
386 1457 478 1517 supra
504 1435 682 1511 memoravi,
712 1433 850 1518 redigere
880 1436 913 1498 in
938 1447 1120 1516 potestatem

181 1538 284 1600 animo
312 1536 449 1600 intendit.
494 1535 568 1613 Sed,
597 1549 633 1600 ut
661 1537 693 1600 in
720 1535 823 1600 dubiis
851 1536 998 1614 consiliis,
1026 1557 1121 1600 naues

180 1637 326 1702 deerant:
355 1639 432 1702 ratio
460 1649 491 1701 et
518 1638 689 1700 constantia
716 1636 805 1700 ducis
837 1638 1012 1701 transvexit.
1057 1637 1121 1700 De·

180 1741 288 1820 positis
331 1740 473 1804 omnibus
516 1739 655 1814 sarcinis,
696 1738 881 1802 lectissimos
916 1739 1119 1814 auxiliarium,

180 1842 293 1924 quibus
318 1853 391 1904 nota
411 1841 489 1904 vada
510 1853 542 1904 et
561 1841 678 1921 patrius
706 1839 797 1902 nandi
825 1861 913 1912 usus,
940 1861 1002 1922 quo
1029 1839 1121 1902 simul

181 1963 277 2025 seque
300 1954 331 2006 et
352 1963 442 2024 arma
458 1954 489 2006 et
510 1963 607 2025 equos
628 1953 748 2024 regunt,
771 1941 814 2004 ita
834 1952 959 2022 repente
981 1940 1118 2016 immisit,

180 2055 215 2106 ut
244 2043 447 2125 obstupefacti
475 2041 590 2118 hostes,
613 2043 667 2126 qui
695 2041 838 2118 classem,
861 2041 915 2125 qui
939 2062 1043 2117 naves,
1067 2042 1121 2124 qui

180 2166 264 2208 mare
287 2145 498 2227 expectabant,
514 2142 599 2224 nihil
622 2141 752 2206 arduum
773 2155 827 2206 aut
847 2142 997 2206 invictum
1025 2140 1122 2204 credi·

180 2245 279 2308 derint
293 2246 340 2308 sic
361 2244 400 2306 ad
420 2242 539 2307 bellum
559 2241 765 2306 venientibus.
809 2241 858 2304 Ita
878 2241 973 2326 petita
993 2261 1071 2325 pace
1086 2261 1122 2303 ac

180 2345 284 2410 dedita
318 2343 429 2420 insula,
460 2343 561 2406 clarus
589 2364 627 2406 ae
655 2362 787 2426 magnus
822 2341 928 2406 haberi
955 2341 1121 2425 Agricola:

180 2448 295 2532 quippe
320 2445 372 2508 cni
393 2444 575 2530 ingredienti
603 2444 801 2526 provinciam,
824 2443 906 2528 quod
927 2455 1049 2525 tempus
1071 2443 1122 2508 alii

180 2570 235 2630 per
253 2548 489 2612 ostentationem
510 2558 563 2622 aut
584 2545 756 2612 officiorum
778 2546 927 2610 ambitum
941 2546 1121 2628 transigunt,

180 2651 267 2714 labor
287 2662 319 2714 et
339 2649 513 2731 periculum
540 2649 718 2731 placuisset.
761 2646 833 2713 Nee
860 2646 1015 2730 Agricola,
1036 2668 1108 2728 pros

181 2754 308 2838 peritate
333 2773 436 2816 rerum
460 2753 493 2815 in
518 2752 685 2814 vanitatem
710 2771 798 2824 usus,
823 2748 1048 2830 expeditionem
1070 2761 1122 2811 aut

183 2855 339 2919 victoriam
353 2853 483 2917 vocabat
497 2852 594 2915 victos
609 2851 798 2914 continuisse
812 2871 820 2912 :
843 2871 882 2913 ne
897 2850 1040 2914 laureatis
1054 2850 1120 2934 qui-

112 2960 123 2972 *
180 2955 253 3020 dem
280 2967 369 3039 gesta
396 2965 581 3036 prosecutus
607 2964 675 3014 est:
706 2951 763 3014 sed
786 2952 858 3032 ¹ipsa
879 2950 1121 3015 dissimulatione

180 3055 281 3120 famae
302 3057 418 3120 famam
439 3055 534 3129 auxit,
557 3052 800 3129 aestimantibus,
816 3063 929 3135 quanta
950 3050 1044 3116 futuri
1067 3073 1121 3133 spe
1143 3097 1145 3104 -

181 3169 246 3222 tam
259 3177 371 3239 magna
384 3156 544 3218 tacuisset.
617 3219 621 3228 ,

224 3254 318 3320 ΧΙΧ.
363 3254 512 3320 Ceterum
554 3254 725 3316 animorum
767 3255 941 3335 provinciae
977 3250 1121 3332 prudens,

183 3357 338 3441 simulque
359 3356 469 3419 doctus
493 3375 548 3438 per
575 3355 675 3419 aliena
697 3356 904 3438 experimenta
924 3373 1033 3436 parum
1053 3372 1122 3434 pro-

183 3460 233 3523 fici
262 3458 366 3536 armis,
391 3458 417 3520 si
445 3456 571 3540 injuriae
600 3468 810 3540 sequerentur,
834 3473 944 3517 causas
973 3452 1122 3516 bellorum

183 3561 288 3625 statuit
308 3559 463 3624 excidere.
505 3558 583 3621 Asc
598 3559 724 3641 suisque
740 3578 838 3632 orsuS,
853 3555 984 3637 primum
997 3551 1123 3620 domum

184 3683 272 3726 suam
297 3662 454 3739 coercuit;
476 3658 560 3744 quod
580 3659 735 3742 plerisque
762 3655 844 3720 haud
866 3654 968 3718 minus
994 3652 1123 3718 arduum

185 3777 240 3842 est,
270 3786 365 3850 quarn
399 3761 587 3846 provinciam
623 3781 740 3842 rogero.
795 3756 882 3822 Nihil
910 3777 965 3840 per
999 3755 1123 3820 libertos
