2730 4308
557 381 597 424 oa
621 381 801 426 annulum.
878 387 883 396 ·
1113 372 1147 430 lt

207 547 267 611 que
282 525 411 590 aliamm
432 526 569 610 gentium
592 525 773 589 adventibus
795 537 827 588 et
847 523 989 606 hospitiis
1011 527 1146 604 mixtos;

206 629 280 712 quia
300 649 358 692 nec
380 640 458 690 terra
479 623 562 701 olim,
579 627 634 690 sed
655 627 808 691 classibus
830 626 1069 703 advehebantur,
1093 629 1145 711 qui

200 739 326 792 mutare
349 719 445 790 sedes
460 726 655 810 quaerebant,
693 739 724 789 et
744 727 916 790 immensus
940 725 1029 804 ultra,
1052 739 1146 810 utque

208 829 253 892 sic
281 813 419 905 dixerim,
448 828 596 890 adversus
623 825 769 889 Oceanus
789 827 865 890 raris
888 829 927 890 ab
950 827 1022 890 orbe
1044 840 1143 890 nostro

206 929 336 993 navibus
350 929 459 994 aditur.
505 926 585 1002 Quis
600 947 699 1008 porro,
714 939 835 1008 praeter
849 927 1021 1009 periculum
1034 927 1145 992 horridi

206 1042 237 1093 et
263 1031 359 1114 ignoti
387 1030 491 1106 maris,
520 1029 597 1091 Asia
624 1040 678 1090 aut
706 1027 812 1091 Africa
832 1041 887 1092 aut
912 1028 1001 1092 Italia
1029 1029 1146 1106 relicta,

207 1121 405 1200 Germaniam
426 1141 553 1214 peteret,
595 1128 755 1193 informem
777 1131 875 1207 terris,
891 1151 1035 1216 asperam
1049 1131 1147 1206 coelo,
1193 1179 1195 1186 Α

206 1231 324 1294 tristem
335 1231 421 1293 cultu
436 1241 635 1313 aspectuque,
651 1230 710 1293 nisi
726 1230 753 1292 si
767 1231 866 1314 patria
887 1230 946 1294 sit?
982 1228 1147 1294 Celebrant

206 1331 393 1395 carminibus
415 1331 548 1415 antiquis
563 1329 660 1415 (quod
681 1351 779 1393 uuum
794 1330 875 1411 apud
897 1329 966 1394 illos
980 1331 1146 1394 memoriae

207 1444 238 1496 et
246 1433 401 1496 annalium
415 1453 513 1515 genus
529 1431 590 1512 est)
601 1431 793 1496 Tuisconem
808 1431 902 1496 deum
924 1443 1003 1494 terra
1018 1431 1144 1509 editum,
1198 1487 1201 1495 .

206 1545 237 1597 et
269 1533 367 1596 filium
397 1532 558 1608 Mannum,
590 1533 740 1616 originem
768 1533 870 1616 gentis
899 1512 1145 1616 conditoresque.

173 1634 178 1642 ’
207 1634 322 1698 Manno
335 1647 397 1698 tres
411 1635 491 1698 filios
506 1635 673 1718 assignant,
686 1655 703 1696 e
716 1653 847 1717 quorum
860 1632 1035 1697 nominibus
1046 1635 1146 1715 proxi·

205 1737 247 1799 mi
261 1733 386 1798 Oceano
401 1734 601 1818 Ingaevones,
618 1735 711 1796 medii
727 1733 924 1809 Hermiones,
942 1735 1036 1798 ceteri
1048 1733 1145 1797 Istae-

207 1839 462 1898 vonesvocentur.
501 1833 1143 1916 Quidamautem,utinlieentiavetustatis,

204 1935 307 2015 plures
316 1934 374 1998 deo
384 1946 464 1997 ortos
479 1934 644 2018 pluresque
659 1935 759 2019 gentis
769 1936 999 2020 appellationes,
1010 1934 1145 2012 Marsos,

207 2031 410 2112 Gambrivios,
427 2035 558 2111 Suevos,
574 2035 751 2113 Vandalios,
764 2037 937 2115 affirmant;
960 2060 1058 2122 eaque
1073 2060 1145 2102 vera

205 2139 381 2221 etantiqua
403 2137 537 2199 nomina.
583 2134 732 2200 Ceterum
757 2137 942 2200 Germaniae
957 2139 1144 2202 vocabulum

205 2250 313 2301 recens
328 2250 359 2300 et
371 2257 470 2317 nuper
483 2235 621 2298 additum
634 2258 642 2312 ;
658 2237 812 2319 quoniam,
828 2239 881 2320 qui
896 2238 986 2318 primi
998 2235 1144 2303 Rhenum

206 2338 389 2421 transgressi
412 2336 521 2398 Gallos
550 2337 730 2417 expulerint,
753 2359 790 2400 ac
812 2359 893 2401 nunc
916 2337 1047 2422 Tungri,
1070 2352 1143 2404 tunc

206 2438 352 2502 Germani
373 2438 473 2501 vocati
503 2438 587 2511 sint:
622 2439 663 2501 ita
684 2440 813 2502 nationis
835 2462 956 2517 nomen,
987 2463 1049 2505 uon
1069 2464 1144 2527 gen·

206 2542 243 2603 tis
259 2540 411 2602 evaluisse
428 2539 586 2620 paulatim,
601 2552 637 2602 ut
658 2561 765 2604 omnes
786 2543 921 2623 primum
942 2545 1088 2608 avictorc
1105 2545 1143 2608 ob

205 2655 330 2718 metum,
345 2663 451 2704 morra
472 2642 583 2723 seipsis
605 2643 728 2704 invento
748 2644 871 2706 nornine
889 2643 1039 2710 Germani
1053 2669 1142 2710 voca·

204 2756 315 2806 rentur.
636 2762 638 2767 ’

245 2843 306 2908 ΙΙΙ.
329 2843 441 2908 Fuisse
463 2844 545 2926 apud
565 2865 620 2908 eos
642 2857 673 2908 et
694 2845 866 2910 Herculem
888 2863 1066 2926 memorant,
1081 2852 1140 2932 pri·

203 2967 349 3030 mumque
364 2946 503 3010 omnium
516 2949 652 3010 virorum
666 2945 791 3010 fortium
808 2949 877 3012 ituri
901 2952 930 3012 in
953 2952 1069 3031 proelia
1091 2974 1142 3014 ca-

204 3058 288 3110 nunt.
334 3046 415 3109 Sunt
428 3046 489 3110 illis
504 3044 581 3110 haec
595 3069 718 3131 quoque
731 3050 875 3125 carmina,
888 3071 1017 3132 quorum
1032 3053 1139 3128 relatu,

205 3168 297 3229 quem
317 3147 458 3210 baritum
469 3160 590 3223 vocant,
613 3149 785 3212 accendunt
806 3135 935 3227 animos,
957 3153 1140 3235 futuraeque

203 3268 325 3331 pugnae
339 3247 490 3310 fortunam
504 3249 573 3332 ipso
587 3262 678 3312 cantu
701 3264 907 3334 augurantur:
931 3262 1046 3315 terrent
1057 3254 1139 3316 enim

203 3349 400 3430 trepidantre,
415 3362 506 3432 prout
521 3352 622 3415 sonuit
642 3353 736 3415 acies.
780 3351 851 3415 Nec
873 3367 936 3416 tam
950 3373 1042 3417 voces
1057 3353 1138 3427 illae,

203 3473 295 3534 quarn
320 3451 441 3514 virtutis
466 3464 632 3515 concentus
661 3454 811 3517 videntur.
855 3453 1027 3516 Affectatur
1053 3475 1158 3533 prae--

202 3552 292 3634 cipue
318 3552 465 3632 asperitas
488 3553 555 3615 soni
576 3565 608 3616 et
628 3553 758 3617 fractum
780 3574 928 3627 murmur,
952 3552 1078 3636 objectis
1100 3556 1138 3620 ad

203 3675 237 3716 os
252 3654 359 3729 scutis,
375 3673 437 3736 quo
450 3652 569 3734 plenior
589 3667 619 3716 et
640 3656 760 3738 gravior
773 3675 833 3717 vox
853 3673 1037 3732 repercussu
1059 3657 1137 3720 intu-

204 3768 329 3820 mescat.
375 3755 522 3820 Cetemm
538 3769 568 3820 et
583 3756 706 3820 Ulixem
721 3756 847 3832 quidam
866 3756 1027 3836 opinantur
1046 3758 1137 3844 longo
