2730 4308
269 391 308 448 ³6
579 403 608 479 q.
632 403 728 445 cons.
752 401 888 444 morsus

157 607 160 613 .
267 550 442 625 Germanis,
459 551 504 613 sic
520 549 695 614 Suanorum
716 550 841 633 ingenui
856 571 874 612 a
889 549 986 612 servis
1009 557 1190 632 separantur

266 653 297 715 in
325 651 393 715 aliis
422 652 575 735 gentibus,
605 652 871 734 seutcognatione
896 650 999 734 aliqua
1022 649 1209 728 Suanorum,

253 774 322 836 'seu
351 752 434 836 quod
462 773 555 832 saepe
593 751 714 827 accidit,
743 752 920 832 imitatione,
940 772 1044 814 rarum
1072 763 1103 813 et
1129 751 1209 815 intra

217 858 219 864 '
270 853 415 937 juventae
431 854 585 934 spatium3
611 852 693 934 apud
716 852 847 928 Suevos,
871 874 970 936 usqua
992 851 1031 914 ad
1052 852 1207 927 canitiem,

265 954 437 1018 horrentem
445 950 592 1034 capillum
601 960 684 1016 retro
694 950 1133 1036 sequuntur,aesaepeinipso
1141 952 1207 1016 solo

264 1055 378 1118 vertice
400 1053 540 1138 religant.
577 1051 748 1135 'Principes
763 1065 794 1115 et
809 1057 991 1116 ornatiorem
1002 1051 1146 1136 babent:
1170 1075 1207 1116 ea

238 1175 339 1230 ¹cura
365 1153 492 1230 sannae,
523 1153 578 1216 sed
607 1153 769 1216 innoxiae:
799 1173 902 1237 neque
931 1153 1014 1216 enim
1041 1163 1077 1215 ut
1105 1165 1205 1216 ament

264 1269 464 1332 amenturve3
501 1256 533 1318 in
568 1254 758 1319 altitudinem
794 1253 949 1338 quandam
984 1264 1015 1316 et
1049 1264 1205 1322 terrorem.

263 1358 374 1422 edituri
388 1358 479 1434 bella,
495 1358 622 1440 compti,
637 1369 671 1420 nt
685 1355 821 1419 hostium
835 1355 943 1430 oculis,
957 1367 1110 1418 ornantur.

304 1455 453 1518 XXXIX.
479 1457 717 1521 Vetustissimos
740 1478 774 1520 se
796 1456 1065 1538 nobilissimosque
1088 1455 1193 1519 Saevo

264 1581 333 1622 rum
346 1559 518 1621 Semnones
533 1570 713 1621 memorant.
747 1556 841 1622 Fides
856 1558 1044 1640 antiquitatis
1058 1557 1206 1640 religione

263 1660 410 1723 tinuatur.
456 1659 543 1722 Stato
557 1672 694 1740 tempore
709 1661 741 1722 in
765 1659 874 1723 silvam
888 1661 1025 1744 auguriis
1040 1673 1162 1740 patrum
1176 1672 1206 1723 et

265 1761 365 1845 prisca
392 1760 554 1824 formidine
584 1782 713 1838 sacram,
744 1782 851 1824 omnes
880 1760 1020 1845 ejusdem
1048 1762 1206 1844 sanguinis

263 1861 367 1942 populi
393 1862 596 1945 legationibus
620 1874 740 1937 coeunt,
756 1882 909 1945 caesoque
934 1860 1058 1942 publice
1082 1860 1206 1924 bomine

263 1962 418 2025 celebrant
438 1962 558 2026 barbari
585 1968 662 2026 ritus
692 1962 841 2026 horrenda
868 1961 1043 2044 primordia.
1087 1959 1148 2024 Est
1176 1974 1206 2025 at

262 2064 321 2126 alia
335 2063 407 2128 luco
421 2066 601 2128 reverentia.
646 2063 749 2128 Nemo
764 2065 824 2127 nisi
839 2064 963 2127 vinculo
977 2063 1090 2148 ligatus
1106 2065 1202 2147 ingre·

261 2166 351 2243 ditur,
367 2179 402 2230 ut
416 2167 516 2231 minor
538 2179 569 2230 et
588 2178 772 2249 potestatem
799 2165 934 2228 numinis
956 2164 1205 2247 praeseferens.

262 2268 297 2331 Si
331 2267 409 2332 forte
445 2269 605 2351 prolapsus
642 2281 699 2345 est,
729 2267 825 2330 attolli
862 2279 893 2330 et
927 2268 1086 2350 insurgere
1124 2267 1205 2329 baud

261 2370 400 2434 licitum:
422 2393 478 2452 per
492 2371 623 2434 humum
645 2369 845 2434 evolvuntur:
870 2390 969 2452 eoque
984 2370 1084 2432 omnis
1100 2390 1205 2450 super-

261 2472 343 2533 stitio
365 2471 500 2555 respicit,
515 2484 661 2555 tanquam
683 2471 753 2534 inde
769 2472 854 2535 initia
876 2472 986 2554 gentis,
1002 2471 1044 2534 ibi
1064 2481 1206 2554 regnator

261 2572 399 2634 omnium
413 2571 501 2647 deus,
518 2583 621 2634 cetera
641 2571 780 2655 subjecta
793 2586 885 2656 atque
899 2573 1046 2653 parentia.
1090 2571 1205 2656 Adjicit

261 2672 473 2734 auctoritatem
486 2672 606 2735 fortuna
629 2672 840 2736 Semnonum:
864 2687 988 2736 centum
1009 2674 1098 2757 pagis
1121 2673 1205 2735 babi-

261 2770 380 2849 ta'ntur;
403 2793 577 2857 magnoque
600 2795 727 2860 corpore
752 2774 894 2852 efficitur,
917 2787 951 2838 ut
973 2797 1007 2838 se
1031 2775 1203 2838 Suanorum

261 2887 354 2959 caput
367 2874 502 2938 credant.

301 2972 369 3038 XL.
402 2976 517 3041 Contra
539 2976 759 3064 Langobardos
788 2981 928 3060 paucitas
950 2979 1107 3042 nobilitat:
1137 2979 1190 3060 plu

262 3077 346 3139 rimis
383 3099 420 3140 ac
455 3078 674 3142 valentissimis
711 3080 885 3165 nationibus
921 3080 1024 3156 cincti,
1054 3101 1115 3142 non
1150 3101 1199 3160 per

261 3179 455 3262 obsequium,
487 3180 542 3243 sed
577 3181 700 3262 proeliis
730 3194 761 3245 et
794 3181 994 3266 periclitando
1029 3183 1087 3244 tuti
1124 3193 1194 3244 sunt

262 3280 418 3364 Reudigni
448 3280 559 3345 deinde
589 3294 620 3345 ct
648 3283 785 3344 Aviones
815 3294 846 3345 et
867 3280 972 3365 Anglii
987 3294 1019 3359 et
1039 3281 1146 3345 Varini
1175 3299 1200 3344 et

263 3382 406 3446 Eudoses
429 3395 460 3446 et
483 3382 659 3447 Suardones
690 3381 918 3446 eaNuithonas
944 3384 1123 3447 fluminibus
1153 3399 1202 3446 aut

261 3485 346 3547 silvis
369 3485 566 3547 muniuntur:
590 3483 831 3566 necquidquam
853 3484 985 3548 notabile
1009 3485 1040 3546 in
1064 3485 1200 3568 singulis⁸

262 3585 319 3647 nisi
345 3585 428 3668 quod
463 3585 495 3647 in
530 3605 695 3647 commune
732 3584 897 3662 Nerthum,
926 3585 958 3648 id
991 3599 1038 3648 est
1074 3584 1202 3648 Terram

262 3697 389 3748 matrem
412 3686 525 3762 colunt,
549 3707 680 3770 eamque
703 3688 885 3750 intervenire
913 3689 1007 3750 rebus
1034 3687 1202 3774 hominurn,

271 3784 363 3848 nvebi
399 3786 521 3869 populis
558 3787 749 3852 arbitrantur.
793 3787 854 3850 Est
889 3789 920 3851 in
957 3789 1058 3852 insula
1088 3788 1204 3852 Oceani
