<?xml version="1.0" encoding="UTF-8"?>
<!DOCTYPE html PUBLIC "-//W3C//DTD XHTML 1.0 Transitional//EN"
    "http://www.w3.org/TR/xhtml1/DTD/xhtml1-transitional.dtd">
<html xmlns="http://www.w3.org/1999/xhtml" xml:lang="en" lang="en">
 <head>
  <title>
</title>
<meta http-equiv="Content-Type" content="text/html;charset=utf-8" />
  <meta name='ocr-system' content='tesseract 3.04.00' />
  <meta name='ocr-capabilities' content='ocr_page ocr_carea ocr_par ocr_line ocrx_word'/>
</head>
<body>
  <div class='ocr_page' id='page_1' title='image "./germaniaandagri02tacigoog_0046.png"; bbox 0 0 2730 4308; ppageno 0'>
   <div class='ocr_carea' id='block_1_1' title="bbox 523 331 1118 388">
    <p class='ocr_par' dir='ltr' id='par_1_1' title="bbox 523 331 1118 388">
     <span class='ocr_line' id='line_1_1' title="bbox 523 331 1118 388; baseline -0.003 0"><span class='ocrx_word' id='word_1_1' title='bbox 523 347 565 388; x_wconf 82' lang='lat' dir='ltr'><strong>os</strong></span> <span class='ocrx_word' id='word_1_2' title='bbox 590 345 768 388; x_wconf 70' lang='lat' dir='ltr'><strong>canutum.</strong></span> <span class='ocrx_word' id='word_1_3' title='bbox 1077 331 1118 388; x_wconf 75' lang='grc'><strong>29</strong></span> 
     </span>
    </p>
   </div>
   <div class='ocr_carea' id='block_1_2' title="bbox 151 491 1123 1689">
    <p class='ocr_par' dir='ltr' id='par_1_2' title="bbox 151 491 1123 1689">
     <span class='ocr_line' id='line_1_2' title="bbox 190 491 1119 576; baseline -0.003 -16"><span class='ocrx_word' id='word_1_4' title='bbox 190 515 243 560; x_wconf 90' lang='lat' dir='ltr'><strong>um</strong></span> <span class='ocrx_word' id='word_1_5' title='bbox 258 507 361 560; x_wconf 89' lang='lat' dir='ltr'><strong>tamen</strong></span> <span class='ocrx_word' id='word_1_6' title='bbox 375 507 429 558; x_wconf 91' lang='lat' dir='ltr'><strong>aut</strong></span> <span class='ocrx_word' id='word_1_7' title='bbox 442 494 619 558; x_wconf 87' lang='lat' dir='ltr'><strong>mercedem</strong></span> <span class='ocrx_word' id='word_1_8' title='bbox 632 517 639 569; x_wconf 92' lang='grc'>;</span> <span class='ocrx_word' id='word_1_9' title='bbox 664 493 804 576; x_wconf 80' lang='lat' dir='ltr'><strong>quamuis</strong></span> <span class='ocrx_word' id='word_1_10' title='bbox 825 491 951 556; x_wconf 89' lang='lat' dir='ltr'><strong>audacis</strong></span> <span class='ocrx_word' id='word_1_11' title='bbox 974 491 1119 558; x_wconf 87' lang='lat' dir='ltr'><strong>lasciviae</strong></span> 
     </span>
     <span class='ocr_line' id='line_1_3' title="bbox 178 593 1119 679; baseline -0.005 -19"><span class='ocrx_word' id='word_1_12' title='bbox 178 598 309 679; x_wconf 88' lang='lat' dir='ltr'><strong>pretium</strong></span> <span class='ocrx_word' id='word_1_13' title='bbox 346 608 393 659; x_wconf 89' lang='lat' dir='ltr'><strong>est</strong></span> <span class='ocrx_word' id='word_1_14' title='bbox 431 595 571 677; x_wconf 87' lang='lat' dir='ltr'><strong>voluptas</strong></span> <span class='ocrx_word' id='word_1_15' title='bbox 608 596 815 679; x_wconf 81' lang='lat' dir='ltr'>spectantium</span> <span class='ocrx_word' id='word_1_16' title='bbox 878 594 1000 670; x_wconf 75' lang='lat' dir='ltr'><strong>Meam,</strong></span> <span class='ocrx_word' id='word_1_17' title='bbox 1038 593 1119 677; x_wconf 90' lang='lat' dir='ltr'><strong>quod</strong></span> 
     </span>
     <span class='ocr_line' id='line_1_4' title="bbox 178 693 1121 776; baseline -0.005 -15"><span class='ocrx_word' id='word_1_18' title='bbox 178 699 298 773; x_wconf 84' lang='lat' dir='ltr'>mirere,</span> <span class='ocrx_word' id='word_1_19' title='bbox 316 698 409 760; x_wconf 87' lang='lat' dir='ltr'>sobrii</span> <span class='ocrx_word' id='word_1_20' title='bbox 431 698 509 760; x_wconf 89' lang='lat' dir='ltr'><strong>inter</strong></span> <span class='ocrx_word' id='word_1_21' title='bbox 531 698 610 760; x_wconf 87' lang='lat' dir='ltr'><strong>seria</strong></span> <span class='ocrx_word' id='word_1_22' title='bbox 632 707 775 758; x_wconf 82' lang='lat' dir='ltr'><strong>exercent</strong></span> <span class='ocrx_word' id='word_1_23' title='bbox 796 707 879 760; x_wconf 88' lang='lat' dir='ltr'><strong>tanta</strong></span> <span class='ocrx_word' id='word_1_24' title='bbox 900 693 1038 758; x_wconf 88' lang='lat' dir='ltr'><strong>lucrandi</strong></span> <span class='ocrx_word' id='word_1_25' title='bbox 1053 715 1121 776; x_wconf 91' lang='lat' dir='ltr'><strong>per-</strong></span> 
     </span>
     <span class='ocr_line' id='line_1_5' title="bbox 178 796 1121 874; baseline -0.004 -12"><span class='ocrx_word' id='word_1_26' title='bbox 178 798 309 862; x_wconf 87' lang='lat' dir='ltr'><strong>dendive</strong></span> <span class='ocrx_word' id='word_1_27' title='bbox 325 799 504 874; x_wconf 77' lang='lat' dir='ltr'><strong>temeritate,</strong></span> <span class='ocrx_word' id='word_1_28' title='bbox 520 809 564 873; x_wconf 89' lang='lat' dir='ltr'><strong>ut,</strong></span> <span class='ocrx_word' id='word_1_29' title='bbox 577 818 649 860; x_wconf 91' lang='lat' dir='ltr'><strong>cum</strong></span> <span class='ocrx_word' id='word_1_30' title='bbox 665 798 767 859; x_wconf 88' lang='lat' dir='ltr'><strong>omnia</strong></span> <span class='ocrx_word' id='word_1_31' title='bbox 780 796 969 872; x_wconf 84' lang='lat' dir='ltr'><strong>defecemnt,</strong></span> <span class='ocrx_word' id='word_1_32' title='bbox 986 808 1121 858; x_wconf 85' lang='lat' dir='ltr'><strong>extremo</strong></span> 
     </span>
     <span class='ocr_line' id='line_1_6' title="bbox 178 897 1123 980; baseline -0.004 -17"><span class='ocrx_word' id='word_1_33' title='bbox 178 921 215 964; x_wconf 87' lang='lat' dir='ltr'><strong>ac</strong></span> <span class='ocrx_word' id='word_1_34' title='bbox 236 901 404 962; x_wconf 84' lang='lat' dir='ltr'><strong>novissimo</strong></span> <span class='ocrx_word' id='word_1_35' title='bbox 429 898 512 979; x_wconf 76' lang='lat' dir='ltr'><strong>jactu</strong></span> <span class='ocrx_word' id='word_1_36' title='bbox 527 898 566 961; x_wconf 93' lang='lat' dir='ltr'><strong>de</strong></span> <span class='ocrx_word' id='word_1_37' title='bbox 589 897 726 960; x_wconf 90' lang='lat' dir='ltr'><strong>libertate</strong></span> <span class='ocrx_word' id='word_1_38' title='bbox 742 917 779 960; x_wconf 84' lang='lat' dir='ltr'><strong>ec</strong></span> <span class='ocrx_word' id='word_1_39' title='bbox 792 897 831 960; x_wconf 90' lang='lat' dir='ltr'><strong>de</strong></span> <span class='ocrx_word' id='word_1_40' title='bbox 847 918 974 980; x_wconf 89' lang='lat' dir='ltr'><strong>corpore</strong></span> <span class='ocrx_word' id='word_1_41' title='bbox 997 909 1123 970; x_wconf 71' lang='lat' dir='ltr'><strong>conten-¹</strong></span> 
     </span>
     <span class='ocr_line' id='line_1_7' title="bbox 178 999 1121 1081; baseline -0.001 -19"><span class='ocrx_word' id='word_1_42' title='bbox 178 1001 260 1066; x_wconf 89' lang='lat' dir='ltr'><strong>dant.</strong></span> <span class='ocrx_word' id='word_1_43' title='bbox 303 999 414 1064; x_wconf 89' lang='lat' dir='ltr'><strong>Victus</strong></span> <span class='ocrx_word' id='word_1_44' title='bbox 435 999 639 1063; x_wconf 85' lang='lat' dir='ltr'><strong>voluntariam</strong></span> <span class='ocrx_word' id='word_1_45' title='bbox 668 1000 846 1062; x_wconf 81' lang='lat' dir='ltr'><strong>servitutem</strong></span> <span class='ocrx_word' id='word_1_46' title='bbox 868 999 950 1062; x_wconf 89' lang='lat' dir='ltr'><strong>adit:</strong></span> <span class='ocrx_word' id='word_1_47' title='bbox 980 999 1121 1081; x_wconf 77' lang='lat' dir='ltr'><strong>quamvis</strong></span> 
     </span>
     <span class='ocr_line' id='line_1_8' title="bbox 183 1100 1121 1186; baseline -0.004 -21"><span class='ocrx_word' id='word_1_48' title='bbox 183 1102 332 1186; x_wconf 77' lang='lat' dir='ltr'><strong>juvenior,</strong></span> <span class='ocrx_word' id='word_1_49' title='bbox 355 1102 509 1185; x_wconf 82' lang='lat' dir='ltr'><strong>¹quamvis</strong></span> <span class='ocrx_word' id='word_1_50' title='bbox 532 1101 706 1172; x_wconf 86' lang='lat' dir='ltr'><strong>¹robustior,</strong></span> <span class='ocrx_word' id='word_1_51' title='bbox 735 1100 853 1184; x_wconf 87' lang='lat' dir='ltr'><strong>alligari</strong></span> <span class='ocrx_word' id='word_1_52' title='bbox 889 1121 923 1163; x_wconf 88' lang='lat' dir='ltr'><strong>se</strong></span> <span class='ocrx_word' id='word_1_53' title='bbox 953 1100 1121 1171; x_wconf 26' lang='lat' dir='ltr'><strong>aie-venire</strong></span> 
     </span>
     <span class='ocr_line' id='line_1_9' title="bbox 179 1201 1122 1287; baseline -0.001 -22"><span class='ocrx_word' id='word_1_54' title='bbox 179 1205 309 1287; x_wconf 88' lang='lat' dir='ltr'><strong>patitur:</strong></span> <span class='ocrx_word' id='word_1_55' title='bbox 340 1225 378 1266; x_wconf 88' lang='lat' dir='ltr'><strong>ea</strong></span> <span class='ocrx_word' id='word_1_56' title='bbox 406 1215 454 1266; x_wconf 86' lang='lat' dir='ltr'><strong>est</strong></span> <span class='ocrx_word' id='word_1_57' title='bbox 482 1203 513 1265; x_wconf 91' lang='lat' dir='ltr'><strong>in</strong></span> <span class='ocrx_word' id='word_1_58' title='bbox 542 1223 574 1265; x_wconf 89' lang='lat' dir='ltr'><strong>re</strong></span> <span class='ocrx_word' id='word_1_59' title='bbox 603 1223 697 1283; x_wconf 89' lang='lat' dir='ltr'><strong>prava</strong></span> <span class='ocrx_word' id='word_1_60' title='bbox 724 1202 917 1283; x_wconf 85' lang='lat' dir='ltr'><strong>peruicacia:</strong></span> <span class='ocrx_word' id='word_1_61' title='bbox 940 1202 1000 1282; x_wconf 91' lang='lat' dir='ltr'><strong>ipsi</strong></span> <span class='ocrx_word' id='word_1_62' title='bbox 1028 1201 1122 1264; x_wconf 89' lang='lat' dir='ltr'><strong>fidem</strong></span> 
     </span>
     <span class='ocr_line' id='line_1_10' title="bbox 179 1298 1122 1387; baseline -0.002 -21"><span class='ocrx_word' id='word_1_63' title='bbox 179 1316 298 1368; x_wconf 88' lang='lat' dir='ltr'><strong>vocant.</strong></span> <span class='ocrx_word' id='word_1_64' title='bbox 352 1303 466 1367; x_wconf 82' lang='lat' dir='ltr'><strong>Servos</strong></span> <span class='ocrx_word' id='word_1_65' title='bbox 502 1298 684 1366; x_wconf 88' lang='lat' dir='ltr'><strong>conditionis</strong></span> <span class='ocrx_word' id='word_1_66' title='bbox 717 1302 809 1387; x_wconf 83' lang='lat' dir='ltr'><strong>hujus</strong></span> <span class='ocrx_word' id='word_1_67' title='bbox 845 1324 903 1374; x_wconf 83' lang='lat' dir='ltr'><strong>per</strong></span> <span class='ocrx_word' id='word_1_68' title='bbox 937 1303 1122 1365; x_wconf 86' lang='lat' dir='ltr'><strong>commercia</strong></span> 
     </span>
     <span class='ocr_line' id='line_1_11' title="bbox 180 1404 1017 1488; baseline -0.002 -20"><span class='ocrx_word' id='word_1_69' title='bbox 180 1404 309 1480; x_wconf 70' lang='lat' dir='ltr'><strong>tradunt</strong></span> <span class='ocrx_word' id='word_1_70' title='bbox 326 1416 361 1467; x_wconf 91' lang='lat' dir='ltr'><strong>ut</strong></span> <span class='ocrx_word' id='word_1_71' title='bbox 374 1426 408 1468; x_wconf 86' lang='lat' dir='ltr'><strong>se</strong></span> <span class='ocrx_word' id='word_1_72' title='bbox 423 1418 546 1488; x_wconf 88' lang='lat' dir='ltr'><strong>quoque</strong></span> <span class='ocrx_word' id='word_1_73' title='bbox 560 1405 676 1486; x_wconf 89' lang='lat' dir='ltr'><strong>pudore</strong></span> <span class='ocrx_word' id='word_1_74' title='bbox 690 1406 841 1469; x_wconf 78' lang='lat' dir='ltr'><strong>victoriae</strong></span> <span class='ocrx_word' id='word_1_75' title='bbox 850 1404 1017 1476; x_wconf 82' lang='lat' dir='ltr'><strong>exsolvant.</strong></span> 
     </span>
     <span class='ocr_line' id='line_1_12' title="bbox 221 1503 1122 1595; baseline -0.003 -26"><span class='ocrx_word' id='word_1_76' title='bbox 221 1504 328 1569; x_wconf 91' lang='lat' dir='ltr'><strong>XXV.</strong></span> <span class='ocrx_word' id='word_1_77' title='bbox 351 1503 469 1568; x_wconf 86' lang='lat' dir='ltr'><strong>Ceteris</strong></span> <span class='ocrx_word' id='word_1_78' title='bbox 492 1507 599 1595; x_wconf 84' lang='lat' dir='ltr'><strong>servis,</strong></span> <span class='ocrx_word' id='word_1_79' title='bbox 622 1527 683 1568; x_wconf 91' lang='lat' dir='ltr'><strong>non</strong></span> <span class='ocrx_word' id='word_1_80' title='bbox 704 1507 736 1568; x_wconf 92' lang='lat' dir='ltr'><strong>in</strong></span> <span class='ocrx_word' id='word_1_81' title='bbox 757 1519 896 1568; x_wconf 89' lang='lat' dir='ltr'><strong>nostrum</strong></span> <span class='ocrx_word' id='word_1_82' title='bbox 917 1525 1035 1567; x_wconf 91' lang='lat' dir='ltr'><strong>morem</strong></span> <span class='ocrx_word' id='word_1_83' title='bbox 1050 1503 1122 1566; x_wconf 88' lang='lat' dir='ltr'><strong>des·</strong></span> 
     </span>
     <span class='ocr_line' id='line_1_13' title="bbox 151 1599 1122 1689; baseline -0.002 -19"><span class='ocrx_word' id='word_1_84' title='bbox 151 1599 152 1602; x_wconf 26' lang='lat'>¹</span> <span class='ocrx_word' id='word_1_85' title='bbox 180 1607 283 1688; x_wconf 86' lang='lat' dir='ltr'><strong>criptis</strong></span> <span class='ocrx_word' id='word_1_86' title='bbox 324 1629 380 1689; x_wconf 90' lang='lat' dir='ltr'><strong>per</strong></span> <span class='ocrx_word' id='word_1_87' title='bbox 414 1607 563 1670; x_wconf 85' lang='lat' dir='ltr'><strong>familiam</strong></span> <span class='ocrx_word' id='word_1_88' title='bbox 605 1607 792 1683; x_wconf 83' lang='lat' dir='ltr'><strong>ministeriis,</strong></span> <span class='ocrx_word' id='word_1_89' title='bbox 829 1619 966 1670; x_wconf 84' lang='lat' dir='ltr'><strong>utuntur.</strong></span> <span class='ocrx_word' id='word_1_90' title='bbox 1024 1605 1122 1668; x_wconf 86' lang='lat' dir='ltr'><strong>Suam</strong></span> 
     </span>
    </p>
   </div>
   <div class='ocr_carea' id='block_1_3' title="bbox 180 1705 1212 1792">
    <p class='ocr_par' dir='ltr' id='par_1_3' title="bbox 180 1705 1212 1792">
     <span class='ocr_line' id='line_1_14' title="bbox 180 1705 1212 1792; baseline -0.001 -21"><span class='ocrx_word' id='word_1_91' title='bbox 180 1709 310 1792; x_wconf 89' lang='lat' dir='ltr'><strong>quisque</strong></span> <span class='ocrx_word' id='word_1_92' title='bbox 354 1708 470 1784; x_wconf 87' lang='lat' dir='ltr'><strong>sedem,</strong></span> <span class='ocrx_word' id='word_1_93' title='bbox 515 1730 588 1771; x_wconf 87' lang='lat' dir='ltr'><strong>suos</strong></span> <span class='ocrx_word' id='word_1_94' title='bbox 630 1720 757 1789; x_wconf 81' lang='lat' dir='ltr'><strong>penates</strong></span> <span class='ocrx_word' id='word_1_95' title='bbox 800 1710 889 1792; x_wconf 86' lang='lat' dir='ltr'><strong>regit.</strong></span> <span class='ocrx_word' id='word_1_96' title='bbox 966 1705 1122 1770; x_wconf 86' lang='lat' dir='ltr'><strong>Frumenti</strong></span> <span class='ocrx_word' id='word_1_97' title='bbox 1208 1711 1212 1718; x_wconf 85' lang='lat'>&#39;</span> 
     </span>
    </p>
   </div>
   <div class='ocr_carea' id='block_1_4' title="bbox 180 1807 1152 3810">
    <p class='ocr_par' dir='ltr' id='par_1_4' title="bbox 180 1807 1123 2902">
     <span class='ocr_line' id='line_1_15' title="bbox 180 1807 1121 1890; baseline -0.003 -18"><span class='ocrx_word' id='word_1_98' title='bbox 180 1809 307 1872; x_wconf 89' lang='lat' dir='ltr'><strong>modum</strong></span> <span class='ocrx_word' id='word_1_99' title='bbox 335 1809 488 1885; x_wconf 87' lang='lat' dir='ltr'><strong>dominus,</strong></span> <span class='ocrx_word' id='word_1_100' title='bbox 515 1821 569 1872; x_wconf 89' lang='lat' dir='ltr'><strong>aut</strong></span> <span class='ocrx_word' id='word_1_101' title='bbox 597 1809 716 1890; x_wconf 89' lang='lat' dir='ltr'><strong>pecoris</strong></span> <span class='ocrx_word' id='word_1_102' title='bbox 744 1822 798 1872; x_wconf 89' lang='lat' dir='ltr'><strong>aut</strong></span> <span class='ocrx_word' id='word_1_103' title='bbox 818 1810 924 1885; x_wconf 87' lang='lat' dir='ltr'><strong>vestis,</strong></span> <span class='ocrx_word' id='word_1_104' title='bbox 946 1821 980 1870; x_wconf 89' lang='lat' dir='ltr'><strong>ut</strong></span> <span class='ocrx_word' id='word_1_105' title='bbox 1003 1807 1121 1882; x_wconf 91' lang='lat' dir='ltr'><strong>colono,</strong></span> 
     </span>
     <span class='ocr_line' id='line_1_16' title="bbox 180 1909 1122 1995; baseline -0.002 -22"><span class='ocrx_word' id='word_1_106' title='bbox 180 1911 331 1995; x_wconf 84' lang='lat' dir='ltr'><strong>injungit:</strong></span> <span class='ocrx_word' id='word_1_107' title='bbox 369 1923 401 1974; x_wconf 89' lang='lat' dir='ltr'><strong>et</strong></span> <span class='ocrx_word' id='word_1_108' title='bbox 428 1932 536 1974; x_wconf 88' lang='lat' dir='ltr'><strong>servus</strong></span> <span class='ocrx_word' id='word_1_109' title='bbox 565 1910 713 1974; x_wconf 88' lang='lat' dir='ltr'><strong>hactenus</strong></span> <span class='ocrx_word' id='word_1_110' title='bbox 742 1923 848 1992; x_wconf 83' lang='lat' dir='ltr'><strong>parct3</strong></span> <span class='ocrx_word' id='word_1_111' title='bbox 881 1923 984 1974; x_wconf 85' lang='lat' dir='ltr'><strong>cetera</strong></span> <span class='ocrx_word' id='word_1_112' title='bbox 1011 1909 1122 1972; x_wconf 87' lang='lat' dir='ltr'><strong>domus</strong></span> 
     </span>
     <span class='ocr_line' id='line_1_17' title="bbox 182 2009 1122 2098; baseline -0.001 -25"><span class='ocrx_word' id='word_1_113' title='bbox 182 2011 282 2074; x_wconf 88' lang='lat' dir='ltr'><strong>officia</strong></span> <span class='ocrx_word' id='word_1_114' title='bbox 295 2034 372 2076; x_wconf 84' lang='lat' dir='ltr'><strong>uxor</strong></span> <span class='ocrx_word' id='word_1_115' title='bbox 385 2033 422 2074; x_wconf 90' lang='lat' dir='ltr'><strong>ac</strong></span> <span class='ocrx_word' id='word_1_116' title='bbox 436 2011 524 2076; x_wconf 90' lang='lat' dir='ltr'><strong>liberi</strong></span> <span class='ocrx_word' id='word_1_117' title='bbox 547 2024 765 2098; x_wconf 79' lang='lat' dir='ltr'><strong>exsequuntur.</strong></span> <span class='ocrx_word' id='word_1_118' title='bbox 808 2009 979 2074; x_wconf 87' lang='lat' dir='ltr'><strong>Verberare</strong></span> <span class='ocrx_word' id='word_1_119' title='bbox 999 2031 1122 2074; x_wconf 86' lang='lat' dir='ltr'><strong>servum</strong></span> 
     </span>
     <span class='ocr_line' id='line_1_18' title="bbox 181 2109 1121 2193; baseline -0.003 -18"><span class='ocrx_word' id='word_1_120' title='bbox 181 2133 217 2174; x_wconf 85' lang='lat' dir='ltr'><strong>ac</strong></span> <span class='ocrx_word' id='word_1_121' title='bbox 230 2113 363 2175; x_wconf 78' lang='lat' dir='ltr'><strong>vinculis</strong></span> <span class='ocrx_word' id='word_1_122' title='bbox 378 2125 409 2174; x_wconf 90' lang='lat' dir='ltr'><strong>et</strong></span> <span class='ocrx_word' id='word_1_123' title='bbox 424 2133 514 2193; x_wconf 88' lang='lat' dir='ltr'><strong>opere</strong></span> <span class='ocrx_word' id='word_1_124' title='bbox 530 2133 682 2187; x_wconf 88' lang='lat' dir='ltr'><strong>coercere,</strong></span> <span class='ocrx_word' id='word_1_125' title='bbox 696 2133 808 2174; x_wconf 89' lang='lat' dir='ltr'><strong>rarum.</strong></span> <span class='ocrx_word' id='word_1_126' title='bbox 846 2109 998 2174; x_wconf 89' lang='lat' dir='ltr'><strong>Occidere</strong></span> <span class='ocrx_word' id='word_1_127' title='bbox 1014 2110 1121 2185; x_wconf 89' lang='lat' dir='ltr'><strong>solent,</strong></span> 
     </span>
     <span class='ocr_line' id='line_1_19' title="bbox 181 2211 1123 2293; baseline -0.002 -19"><span class='ocrx_word' id='word_1_128' title='bbox 181 2235 241 2276; x_wconf 89' lang='lat' dir='ltr'><strong>non</strong></span> <span class='ocrx_word' id='word_1_129' title='bbox 269 2212 430 2293; x_wconf 86' lang='lat' dir='ltr'><strong>disciplina</strong></span> <span class='ocrx_word' id='word_1_130' title='bbox 459 2225 490 2275; x_wconf 89' lang='lat' dir='ltr'><strong>et</strong></span> <span class='ocrx_word' id='word_1_131' title='bbox 519 2212 690 2287; x_wconf 85' lang='lat' dir='ltr'><strong>severitate,</strong></span> <span class='ocrx_word' id='word_1_132' title='bbox 721 2211 777 2274; x_wconf 88' lang='lat' dir='ltr'><strong>sed</strong></span> <span class='ocrx_word' id='word_1_133' title='bbox 805 2212 922 2291; x_wconf 87' lang='lat' dir='ltr'><strong>impetu</strong></span> <span class='ocrx_word' id='word_1_134' title='bbox 951 2223 982 2272; x_wconf 87' lang='lat' dir='ltr'><strong>et</strong></span> <span class='ocrx_word' id='word_1_135' title='bbox 1006 2211 1060 2286; x_wconf 88' lang='lat' dir='ltr'><strong>ira,</strong></span> <span class='ocrx_word' id='word_1_136' title='bbox 1089 2222 1123 2272; x_wconf 91' lang='lat' dir='ltr'><strong>ut</strong></span> 
     </span>
     <span class='ocr_line' id='line_1_20' title="bbox 181 2310 1123 2396; baseline -0.002 -19"><span class='ocrx_word' id='word_1_137' title='bbox 181 2315 351 2389; x_wconf 90' lang='lat' dir='ltr'><strong>inimicum,</strong></span> <span class='ocrx_word' id='word_1_138' title='bbox 379 2313 440 2376; x_wconf 89' lang='lat' dir='ltr'><strong>nisi</strong></span> <span class='ocrx_word' id='word_1_139' title='bbox 468 2311 551 2395; x_wconf 90' lang='lat' dir='ltr'><strong>quod</strong></span> <span class='ocrx_word' id='word_1_140' title='bbox 579 2313 715 2396; x_wconf 88' lang='lat' dir='ltr'><strong>impune.</strong></span> <span class='ocrx_word' id='word_1_141' title='bbox 760 2310 878 2374; x_wconf 90' lang='lat' dir='ltr'><strong>Liberti</strong></span> <span class='ocrx_word' id='word_1_142' title='bbox 905 2333 967 2374; x_wconf 92' lang='lat' dir='ltr'><strong>non</strong></span> <span class='ocrx_word' id='word_1_143' title='bbox 990 2311 1123 2376; x_wconf 86' lang='lat' dir='ltr'><strong>multum</strong></span> 
     </span>
     <span class='ocr_line' id='line_1_21' title="bbox 181 2412 1121 2496; baseline -0.002 -18"><span class='ocrx_word' id='word_1_144' title='bbox 181 2436 274 2495; x_wconf 87' lang='lat' dir='ltr'><strong>supra</strong></span> <span class='ocrx_word' id='word_1_145' title='bbox 295 2435 400 2477; x_wconf 87' lang='lat' dir='ltr'><strong>servos</strong></span> <span class='ocrx_word' id='word_1_146' title='bbox 424 2427 505 2490; x_wconf 90' lang='lat' dir='ltr'><strong>sunt,</strong></span> <span class='ocrx_word' id='word_1_147' title='bbox 521 2435 588 2477; x_wconf 86' lang='lat' dir='ltr'><strong>raro</strong></span> <span class='ocrx_word' id='word_1_148' title='bbox 610 2413 733 2496; x_wconf 89' lang='lat' dir='ltr'><strong>aliquod</strong></span> <span class='ocrx_word' id='word_1_149' title='bbox 755 2427 946 2477; x_wconf 88' lang='lat' dir='ltr'><strong>momentum</strong></span> <span class='ocrx_word' id='word_1_150' title='bbox 967 2413 999 2476; x_wconf 94' lang='lat' dir='ltr'><strong>in</strong></span> <span class='ocrx_word' id='word_1_151' title='bbox 1019 2412 1121 2490; x_wconf 91' lang='lat' dir='ltr'><strong>domo,</strong></span> 
     </span>
     <span class='ocr_line' id='line_1_22' title="bbox 180 2515 1121 2600; baseline 0.001 -22"><span class='ocrx_word' id='word_1_152' title='bbox 180 2537 338 2598; x_wconf 88' lang='lat' dir='ltr'><strong>nunquam</strong></span> <span class='ocrx_word' id='word_1_153' title='bbox 360 2515 389 2578; x_wconf 94' lang='lat' dir='ltr'><strong>in</strong></span> <span class='ocrx_word' id='word_1_154' title='bbox 413 2515 557 2592; x_wconf 80' lang='lat' dir='ltr'><strong>ciritate3</strong></span> <span class='ocrx_word' id='word_1_155' title='bbox 581 2516 717 2596; x_wconf 87' lang='lat' dir='ltr'><strong>exceptis</strong></span> <span class='ocrx_word' id='word_1_156' title='bbox 738 2515 885 2579; x_wconf 78' lang='lat' dir='ltr'><strong>duntaxat</strong></span> <span class='ocrx_word' id='word_1_157' title='bbox 905 2517 944 2579; x_wconf 91' lang='lat' dir='ltr'><strong>iis</strong></span> <span class='ocrx_word' id='word_1_158' title='bbox 968 2516 1121 2600; x_wconf 90' lang='lat' dir='ltr'><strong>gentibus,</strong></span> 
     </span>
     <span class='ocr_line' id='line_1_23' title="bbox 180 2615 1120 2701; baseline 0.003 -24"><span class='ocrx_word' id='word_1_159' title='bbox 180 2636 259 2698; x_wconf 87' lang='lat' dir='ltr'><strong>quae</strong></span> <span class='ocrx_word' id='word_1_160' title='bbox 280 2628 466 2700; x_wconf 84' lang='lat' dir='ltr'><strong>regnentur:</strong></span> <span class='ocrx_word' id='word_1_161' title='bbox 494 2615 537 2679; x_wconf 93' lang='lat' dir='ltr'><strong>ibi</strong></span> <span class='ocrx_word' id='word_1_162' title='bbox 561 2617 643 2679; x_wconf 88' lang='lat' dir='ltr'><strong>enim</strong></span> <span class='ocrx_word' id='word_1_163' title='bbox 659 2629 690 2678; x_wconf 86' lang='lat' dir='ltr'><strong>et</strong></span> <span class='ocrx_word' id='word_1_164' title='bbox 704 2638 798 2701; x_wconf 88' lang='lat' dir='ltr'><strong>super</strong></span> <span class='ocrx_word' id='word_1_165' title='bbox 819 2617 969 2701; x_wconf 89' lang='lat' dir='ltr'><strong>ingenuos</strong></span> <span class='ocrx_word' id='word_1_166' title='bbox 985 2630 1016 2680; x_wconf 89' lang='lat' dir='ltr'><strong>et</strong></span> <span class='ocrx_word' id='word_1_167' title='bbox 1030 2639 1120 2699; x_wconf 86' lang='lat' dir='ltr'><strong>super</strong></span> 
     </span>
     <span class='ocr_line' id='line_1_24' title="bbox 180 2717 1119 2802; baseline 0.004 -24"><span class='ocrx_word' id='word_1_168' title='bbox 180 2717 299 2780; x_wconf 87' lang='lat' dir='ltr'><strong>nobiles</strong></span> <span class='ocrx_word' id='word_1_169' title='bbox 335 2717 526 2782; x_wconf 86' lang='lat' dir='ltr'><strong>ascendunt:</strong></span> <span class='ocrx_word' id='word_1_170' title='bbox 563 2718 647 2802; x_wconf 91' lang='lat' dir='ltr'><strong>apud</strong></span> <span class='ocrx_word' id='word_1_171' title='bbox 675 2731 794 2782; x_wconf 86' lang='lat' dir='ltr'><strong>ceteros</strong></span> <span class='ocrx_word' id='word_1_172' title='bbox 830 2720 962 2800; x_wconf 86' lang='lat' dir='ltr'><strong>impares</strong></span> <span class='ocrx_word' id='word_1_173' title='bbox 990 2720 1119 2783; x_wconf 86' lang='lat' dir='ltr'><strong>libertini</strong></span> 
     </span>
     <span class='ocr_line' id='line_1_25' title="bbox 182 2816 671 2902; baseline 0.004 -23"><span class='ocrx_word' id='word_1_174' title='bbox 182 2816 328 2881; x_wconf 88' lang='lat' dir='ltr'><strong>libertatis</strong></span> <span class='ocrx_word' id='word_1_175' title='bbox 351 2831 567 2902; x_wconf 84' lang='lat' dir='ltr'><strong>argumentum</strong></span> <span class='ocrx_word' id='word_1_176' title='bbox 589 2830 671 2883; x_wconf 89' lang='lat' dir='ltr'><strong>sunt.</strong></span> 
     </span>
    </p>

    <p class='ocr_par' dir='ltr' id='par_1_5' title="bbox 181 2918 1152 3810">
     <span class='ocr_line' id='line_1_26' title="bbox 222 2918 1109 3007; baseline 0.003 -24"><span class='ocrx_word' id='word_1_177' title='bbox 222 2918 346 2983; x_wconf 90' lang='lat' dir='ltr'>XXVI.</span> <span class='ocrx_word' id='word_1_178' title='bbox 368 2919 473 2983; x_wconf 84' lang='lat' dir='ltr'><strong>Fenus</strong></span> <span class='ocrx_word' id='word_1_179' title='bbox 495 2921 609 3004; x_wconf 88' lang='lat' dir='ltr'><strong>agitare</strong></span> <span class='ocrx_word' id='word_1_180' title='bbox 625 2922 701 2983; x_wconf 89' lang='lat' dir='ltr'><strong>etin</strong></span> <span class='ocrx_word' id='word_1_181' title='bbox 715 2942 826 2984; x_wconf 89' lang='lat' dir='ltr'><strong>usuras</strong></span> <span class='ocrx_word' id='word_1_182' title='bbox 849 2921 1021 2999; x_wconf 83' lang='lat' dir='ltr'><strong>extendere,</strong></span> <span class='ocrx_word' id='word_1_183' title='bbox 1037 2923 1109 3007; x_wconf 89' lang='lat' dir='ltr'><strong>igno</strong></span> 
     </span>
     <span class='ocr_line' id='line_1_27' title="bbox 181 3021 1152 3109; baseline 0.005 -27"><span class='ocrx_word' id='word_1_184' title='bbox 181 3033 266 3082; x_wconf 89' lang='lat' dir='ltr'><strong>tum:</strong></span> <span class='ocrx_word' id='word_1_185' title='bbox 290 3021 421 3103; x_wconf 89' lang='lat' dir='ltr'><strong>ideoque</strong></span> <span class='ocrx_word' id='word_1_186' title='bbox 443 3023 543 3104; x_wconf 89' lang='lat' dir='ltr'><strong>magis</strong></span> <span class='ocrx_word' id='word_1_187' title='bbox 566 3034 712 3097; x_wconf 84' lang='lat' dir='ltr'><strong>servatur,</strong></span> <span class='ocrx_word' id='word_1_188' title='bbox 728 3043 821 3104; x_wconf 86' lang='lat' dir='ltr'><strong>quarn</strong></span> <span class='ocrx_word' id='word_1_189' title='bbox 837 3023 862 3085; x_wconf 87' lang='lat' dir='ltr'><strong>si</strong></span> <span class='ocrx_word' id='word_1_190' title='bbox 876 3023 1005 3086; x_wconf 85' lang='lat' dir='ltr'><strong>vetitum</strong></span> <span class='ocrx_word' id='word_1_191' title='bbox 1028 3035 1112 3087; x_wconf 87' lang='lat' dir='ltr'><strong>essct</strong></span> <span class='ocrx_word' id='word_1_192' title='bbox 1148 3099 1152 3109; x_wconf 19' lang='grc' dir='ltr'>ἱ</span> 
     </span>
     <span class='ocr_line' id='line_1_28' title="bbox 181 3114 1152 3203; baseline 0.004 -20"><span class='ocrx_word' id='word_1_193' title='bbox 181 3121 258 3202; x_wconf 90' lang='lat' dir='ltr'><strong>Agri</strong></span> <span class='ocrx_word' id='word_1_194' title='bbox 282 3141 338 3203; x_wconf 87' lang='lat' dir='ltr'><strong>pro</strong></span> <span class='ocrx_word' id='word_1_195' title='bbox 351 3141 480 3184; x_wconf 89' lang='lat' dir='ltr'><strong>numero</strong></span> <span class='ocrx_word' id='word_1_196' title='bbox 498 3121 651 3184; x_wconf 90' lang='lat' dir='ltr'><strong>cultorum</strong></span> <span class='ocrx_word' id='word_1_197' title='bbox 666 3121 703 3184; x_wconf 91' lang='lat' dir='ltr'><strong>ab</strong></span> <span class='ocrx_word' id='word_1_198' title='bbox 717 3122 868 3186; x_wconf 89' lang='lat' dir='ltr'><strong>universis</strong></span> <span class='ocrx_word' id='word_1_199' title='bbox 884 3125 915 3186; x_wconf 93' lang='lat' dir='ltr'><strong>in</strong></span> <span class='ocrx_word' id='word_1_200' title='bbox 929 3125 1013 3187; x_wconf 87' lang='lat' dir='ltr'><strong>vices</strong></span> <span class='ocrx_word' id='word_1_201' title='bbox 1030 3146 1108 3187; x_wconf 88' lang='lat' dir='ltr'><strong>occu</strong></span> <span class='ocrx_word' id='word_1_202' title='bbox 1148 3114 1152 3138; x_wconf 67' lang='lat'><em>³</em></span> 
     </span>
     <span class='ocr_line' id='line_1_29' title="bbox 182 3222 1121 3308; baseline 0.005 -27"><span class='ocrx_word' id='word_1_203' title='bbox 182 3233 300 3302; x_wconf 89' lang='lat' dir='ltr'><strong>pantur,</strong></span> <span class='ocrx_word' id='word_1_204' title='bbox 334 3242 412 3303; x_wconf 89' lang='lat' dir='ltr'><strong>quos</strong></span> <span class='ocrx_word' id='word_1_205' title='bbox 440 3242 513 3284; x_wconf 82' lang='lat' dir='ltr'><strong>mox</strong></span> <span class='ocrx_word' id='word_1_206' title='bbox 547 3222 625 3285; x_wconf 90' lang='lat' dir='ltr'><strong>inter</strong></span> <span class='ocrx_word' id='word_1_207' title='bbox 653 3245 687 3286; x_wconf 89' lang='lat' dir='ltr'><strong>se</strong></span> <span class='ocrx_word' id='word_1_208' title='bbox 716 3223 888 3288; x_wconf 87' lang='lat' dir='ltr'><strong>secundum</strong></span> <span class='ocrx_word' id='word_1_209' title='bbox 915 3225 1121 3308; x_wconf 88' lang='lat' dir='ltr'><strong>dignationem</strong></span> 
     </span>
     <span class='ocr_line' id='line_1_30' title="bbox 182 3319 1121 3407; baseline 0.002 -23"><span class='ocrx_word' id='word_1_210' title='bbox 182 3320 371 3384; x_wconf 77' lang='lat' dir='ltr'><strong>partiuntur:</strong></span> <span class='ocrx_word' id='word_1_211' title='bbox 408 3319 586 3386; x_wconf 86' lang='lat' dir='ltr'><strong>facilitatem</strong></span> <span class='ocrx_word' id='word_1_212' title='bbox 622 3324 772 3407; x_wconf 91' lang='lat' dir='ltr'><strong>partiendi</strong></span> <span class='ocrx_word' id='word_1_213' title='bbox 809 3346 987 3405; x_wconf 88' lang='lat' dir='ltr'><strong>camporum</strong></span> <span class='ocrx_word' id='word_1_214' title='bbox 1024 3324 1121 3403; x_wconf 88' lang='lat' dir='ltr'><strong>spatia</strong></span> 
     </span>
     <span class='ocr_line' id='line_1_31' title="bbox 182 3422 1120 3507; baseline 0.002 -23"><span class='ocrx_word' id='word_1_215' title='bbox 182 3434 345 3504; x_wconf 87' lang='lat' dir='ltr'><strong>praestant.</strong></span> <span class='ocrx_word' id='word_1_216' title='bbox 390 3422 473 3485; x_wconf 86' lang='lat' dir='ltr'><strong>Arva</strong></span> <span class='ocrx_word' id='word_1_217' title='bbox 486 3444 541 3504; x_wconf 90' lang='lat' dir='ltr'><strong>per</strong></span> <span class='ocrx_word' id='word_1_218' title='bbox 555 3446 650 3487; x_wconf 90' lang='lat' dir='ltr'><strong>annos</strong></span> <span class='ocrx_word' id='word_1_219' title='bbox 668 3437 805 3488; x_wconf 89' lang='lat' dir='ltr'><strong>mutant:</strong></span> <span class='ocrx_word' id='word_1_220' title='bbox 829 3438 859 3487; x_wconf 91' lang='lat' dir='ltr'><strong>et</strong></span> <span class='ocrx_word' id='word_1_221' title='bbox 874 3435 1015 3505; x_wconf 87' lang='lat' dir='ltr'><strong>superest</strong></span> <span class='ocrx_word' id='word_1_222' title='bbox 1028 3429 1120 3507; x_wconf 79' lang='lat' dir='ltr'><strong>ager3</strong></span> 
     </span>
     <span class='ocr_line' id='line_1_32' title="bbox 182 3513 1122 3607; baseline 0.002 -22"><span class='ocrx_word' id='word_1_223' title='bbox 182 3543 238 3585; x_wconf 89' lang='lat' dir='ltr'><strong>nec</strong></span> <span class='ocrx_word' id='word_1_224' title='bbox 253 3523 336 3586; x_wconf 90' lang='lat' dir='ltr'><strong>enim</strong></span> <span class='ocrx_word' id='word_1_225' title='bbox 351 3544 424 3586; x_wconf 92' lang='lat' dir='ltr'><strong>cum</strong></span> <span class='ocrx_word' id='word_1_226' title='bbox 437 3523 576 3587; x_wconf 90' lang='lat' dir='ltr'><strong>ubertate</strong></span> <span class='ocrx_word' id='word_1_227' title='bbox 591 3539 622 3588; x_wconf 89' lang='lat' dir='ltr'><strong>et</strong></span> <span class='ocrx_word' id='word_1_228' title='bbox 635 3513 834 3607; x_wconf 89' lang='lat' dir='ltr'><strong>amplitudine</strong></span> <span class='ocrx_word' id='word_1_229' title='bbox 851 3525 907 3588; x_wconf 91' lang='lat' dir='ltr'><strong>soli</strong></span> <span class='ocrx_word' id='word_1_230' title='bbox 929 3524 1032 3587; x_wconf 88' lang='lat' dir='ltr'><strong>labore</strong></span> <span class='ocrx_word' id='word_1_231' title='bbox 1050 3545 1122 3588; x_wconf 88' lang='lat' dir='ltr'><strong>con·</strong></span> 
     </span>
     <span class='ocr_line' id='line_1_33' title="bbox 183 3625 1121 3708; baseline 0.004 -22"><span class='ocrx_word' id='word_1_232' title='bbox 183 3625 320 3701; x_wconf 86' lang='lat' dir='ltr'><strong>tendunt,</strong></span> <span class='ocrx_word' id='word_1_233' title='bbox 341 3637 375 3687; x_wconf 94' lang='lat' dir='ltr'><strong>ut</strong></span> <span class='ocrx_word' id='word_1_234' title='bbox 400 3626 537 3706; x_wconf 90' lang='lat' dir='ltr'><strong>pomaria</strong></span> <span class='ocrx_word' id='word_1_235' title='bbox 550 3639 726 3708; x_wconf 71' lang='lat' dir='ltr'><strong>,conserant</strong></span> <span class='ocrx_word' id='word_1_236' title='bbox 754 3638 784 3689; x_wconf 91' lang='lat' dir='ltr'><strong>et</strong></span> <span class='ocrx_word' id='word_1_237' title='bbox 812 3642 897 3706; x_wconf 88' lang='lat' dir='ltr'><strong>prata</strong></span> <span class='ocrx_word' id='word_1_238' title='bbox 926 3639 1067 3706; x_wconf 89' lang='lat' dir='ltr'><strong>separent</strong></span> <span class='ocrx_word' id='word_1_239' title='bbox 1092 3638 1121 3690; x_wconf 89' lang='lat' dir='ltr'><strong>et</strong></span> 
     </span>
     <span class='ocr_line' id='line_1_34' title="bbox 184 3723 1121 3810; baseline 0.005 -23"><span class='ocrx_word' id='word_1_240' title='bbox 184 3724 284 3789; x_wconf 85' lang='lat' dir='ltr'><strong>hortos</strong></span> <span class='ocrx_word' id='word_1_241' title='bbox 312 3723 433 3808; x_wconf 87' lang='lat' dir='ltr'><strong>rigent:</strong></span> <span class='ocrx_word' id='word_1_242' title='bbox 472 3727 537 3790; x_wconf 88' lang='lat' dir='ltr'><strong>sola</strong></span> <span class='ocrx_word' id='word_1_243' title='bbox 565 3740 662 3791; x_wconf 87' lang='lat' dir='ltr'><strong>terrae</strong></span> <span class='ocrx_word' id='word_1_244' title='bbox 692 3749 782 3810; x_wconf 86' lang='lat' dir='ltr'><strong>seges</strong></span> <span class='ocrx_word' id='word_1_245' title='bbox 812 3729 987 3808; x_wconf 83' lang='lat' dir='ltr'><strong>imperatur.</strong></span> <span class='ocrx_word' id='word_1_246' title='bbox 1031 3727 1121 3792; x_wconf 88' lang='lat' dir='ltr'><strong>Unde</strong></span> 
     </span>
    </p>
   </div>
   <div class='ocr_carea' id='block_1_5' title="bbox 0 0 1374 4308">
    <p class='ocr_par' dir='ltr' id='par_1_6' title="bbox 0 0 1374 4308">
     <span class='ocr_line' id='line_1_35' title="bbox 0 0 1374 4308; baseline 0 0"><span class='ocrx_word' id='word_1_247' title='bbox 0 0 1374 4308; x_wconf 95' lang='lat' dir='ltr'><strong> </strong></span> 
     </span>
    </p>
   </div>
  </div>
 </body>
</html>
