2766 4306
239 351 279 408 be
300 385 310 402 2
568 367 599 408 o.
623 364 719 410 coarr.
741 363 851 408 ruorrr

238 511 372 578 obrius:
411 511 525 595 quibus
561 511 593 576 in
629 531 753 576 omnem
787 523 907 593 partem
941 509 1088 587 dimissis,
1126 507 1190 576 ubi'

238 615 352 678 incerta
365 611 459 697 fugae
480 613 616 697 vestigia
631 633 732 696 neque
753 633 887 696 usquam
909 611 1087 695 conglobari
1109 610 1167 675 hos
1197 663 1199 668 ,

239 727 285 778 tes
311 727 503 795 compertum
524 727 556 776 et
576 726 694 778 exacta,
705 713 770 797 jam
791 725 908 776 aestate
934 713 1036 796 spargi
1056 712 1178 778 ¹bellurn

238 815 392 900 nequibat,
408 815 440 878 in
454 815 531 880 lines
547 813 753 878 Horesrorum
767 814 936 877 exercitum
950 813 1086 879 deducit.
1131 813 1179 878 Ibi

238 916 374 1000 acceptis
395 915 564 991 obsidibus,
586 915 742 996 praefecto
769 914 879 977 classis
901 913 1091 978 oiroumrehi
1112 912 1166 977 Bri

238 1017 372 1082 tanniam
393 1016 558 1102 praecepit
601 1013 701 1078 Darae
724 1015 762 1078 ad
784 1014 816 1078 id
836 1015 928 1090 vires,
951 1027 983 1077 et
1003 1035 1166 1096 praecesse

237 1129 283 1182 rat
297 1131 401 1182 terror.
446 1117 519 1202 Ipse
540 1115 677 1202 peditem
699 1133 791 1200 atque
813 1117 935 1198 equites
956 1114 1039 1180 lento
1060 1117 1178 1190 itinero,

237 1241 299 1302 quo
333 1240 482 1284 novarum
513 1219 653 1303 gentium
684 1217 778 1281 animi
813 1217 882 1298 ipsa
916 1217 1061 1280 transitus
1093 1237 1186 1280 mora·

238 1333 429 1397 terrerentur,
458 1320 491 1384 iu
525 1319 661 1384 hibernis
696 1319 818 1383 locarit
862 1317 906 1381 Et
938 1318 1034 1382 simul
1070 1318 1179 1382 classis

237 1423 373 1486 secunda
408 1431 591 1503 tempestate
625 1442 663 1483 ao
690 1420 773 1484 fama
801 1419 1023 1484 Trutnlensem
1057 1431 1187 1502 portum·

237 1524 343 1614 tepuit,
371 1521 451 1586 unde
487 1523 626 1605 proximo
653 1521 748 1586 latere
777 1521 952 1586 Britanniae
980 1521 1062 1585 lecto
1097 1521 1177 1586 omni

236 1622 376 1686 redierat.
943 1691 944 1694 Ἴ

277 1718 425 1784 XXXIX.
454 1721 550 1785 Hunc
585 1743 689 1786 rerum
724 1745 861 1801 cursum,
890 1743 1066 1807 quanquam
1094 1725 1178 1788 nulla

131 1881 133 1886 .
235 1823 400 1888 verborum
433 1822 579 1909 jactantia
618 1824 756 1905 epistolis
792 1824 957 1908 Agricolae
992 1836 1107 1902 actum,
1143 1838 1178 1888 ut

237 1923 412 1990 Domitiano
439 1925 533 1988 moris
563 1937 636 2001 erat.
659 1924 758 1989 fronte
785 1926 895 2002 laetus,
918 1938 1042 2010 pectore
1068 1927 1177 1990 anxius

236 2027 366 2108 excepit.
410 2026 513 2092 Inerat
534 2027 723 2090 conscientie
741 2025 857 2091 derisni
878 2027 976 2091 fuisse
1005 2045 1103 2109 nuper
1120 2027 1178 2092 ⁴fel·

236 2149 307 2194 snm
324 2149 342 2190 e
363 2126 529 2196 Germania
542 2128 749 2210 triumphum,
773 2129 884 2209 emptis
905 2149 960 2209 per
981 2129 1175 2204 commercia,

235 2252 366 2313 quorum
381 2229 503 2296 habitus
525 2243 556 2294 et
577 2231 678 2294 crines
700 2231 732 2294 in
753 2232 944 2312 captivorum
964 2231 1103 2312 speciem
1118 2231 1177 2294 for·

235 2346 407 2395 merentur:
431 2345 462 2394 at
482 2352 565 2395 nuno
584 2353 691 2398 reram
715 2353 920 2416 magnamque
942 2332 1111 2408 victoriam,
1133 2343 1177 2394 tot

235 2432 372 2496 millibus
399 2431 535 2494 hostium
557 2433 667 2505 caesis,
690 2433 807 2516 ingenti
827 2431 911 2496 farne
938 2432 1113 2496 celebrari..
1130 2429 1174 2495 'ld

236 2532 295 2595 sibi
322 2531 456 2594 maxime
482 2530 727 2609 formidolosum,
754 2534 862 2614 privati
897 2533 1041 2599 hominis>
1065 2555 1175 2598 nornen

236 2653 329 2716 supra
353 2631 499 2716 principis
521 2631 636 2696 attolli:
659 2633 772 2696 frustra
793 2634 895 2698 studia
908 2634 966 2699 fori
988 2647 1019 2698 et
1039 2635 1176 2698 civilium

236 2733 347 2796 artium
367 2731 464 2796 decus
486 2732 518 2796 in
539 2732 695 2797 silentium
717 2746 795 2810 acta,
812 2737 839 2798 si
860 2736 1025 2800 militarem
1047 2737 1176 2819 gloriam

236 2833 315 2897 alius
344 2825 533 2916 occuparet:
569 2845 601 2898 et
636 2847 739 2900 cetera
766 2848 935 2921 ntormque
963 2837 1093 2902 facilius·
1114 2836 1163 2900 dis

236 2934 398 2998 simulari:
436 2934 524 3000 ducis
552 2936 626 3000 boni
642 3009 644 3015 .
661 2937 886 3022 imperatoriam
914 2939 1060 3002 virtutem
1094 2959 1175 3002 esse.

236 3036 367 3100 Talibus
393 3037 475 3101 curis
499 3039 661 3115 exercitus,
685 3039 830 3122 qnodque
852 3061 963 3104 sacrae
983 3033 1177 3124 cogitationis

236 3137 385 3202 indicium
426 3150 499 3214 erat,
537 3152 656 3202 secreto
692 3160 749 3202 suo
784 3140 923 3216 satiatus,
960 3141 1109 3222 optimum
1145 3141 1177 3204 i'n

236 3241 407 3325 praesentia
443 3240 548 3304 statuit
582 3261 729 3320 reponere
765 3240 881 3316 odium,
909 3240 1008 3306 donec
1033 3242 1176 3322 ⁴impetus

236 3341 335 3405 famae
365 3354 396 3406 et
423 3342 509 3406 favor
536 3343 689 3404 exercitus
717 3342 932 3426 languesceret
946 3363 959 3405 ει
984 3357 1056 3406 narn
1085 3344 1187 3406 ctiam

237 3455 300 3506 tum
316 3444 460 3526 Agricola
474 3442 665 3506 Britanniam
681 3443 846 3508 obtinebat.

277 3541 344 3604 XL.
370 3545 469 3629 Igitur
489 3543 685 3629 triumphalia
714 3557 890 3610 ornamenta
912 3559 943 3609 et
964 3546 1091 3610 illustris
1114 3557 1174 3608 ste·

237 3657 307 3707 toas
327 3645 473 3709 honorem
495 3658 526 3709 et
547 3645 695 3730 quidquid
716 3668 771 3728 pro
792 3648 947 3732 triumpho
967 3647 1065 3725 datur,
1081 3633 1176 3711 multo

238 3745 398 3810 verborum
419 3746 533 3810 bonore
548 3749 713 3816 cumulata.
728 3749 851 3812 decerni
877 3751 910 3812 in
936 3761 1044 3814 senatu
1069 3749 1171 3830 iubetr
