2730 4308
218 367 257 426 ⁶4
548 384 578 425 c.
599 381 694 428 conv.
718 381 828 426 rtcrrt

219 531 379 594 lasciviret.
423 527 600 594 Trebellius
622 529 698 614 fuga
719 551 756 594 ac
781 530 905 594 latebris
927 539 1021 592 vitata
1043 549 1145 593 exercr

217 645 267 694 tus
307 632 361 708 ira,
401 631 564 695 indecorus
604 645 696 714 atque
734 631 870 707 humilis,
910 631 1048 711 precario
1086 651 1158 695 mox

217 731 369 815 praefuit:
406 753 442 796 ac
470 733 555 796 velut
589 733 681 818 pacti,
711 733 863 796 exereitus
901 731 1067 807 licentiam,
1095 723 1159 796 dus

217 832 368 909 salutem;
392 846 423 897 et
438 832 547 897 seditio
562 835 628 896 sine
647 833 795 916 sanguine
812 833 905 896 stetit.
949 831 1020 895 Noc
1037 831 1158 896 Vettius

217 931 364 1009 Bolanus,
391 933 586 997 manentibus
608 933 710 996 adhuc
735 932 877 996 civilibus
905 932 1006 1008 bellis,
1033 934 1158 1016 agitavit

218 1033 406 1098 Britanniam
434 1035 620 1117 disciplina:
662 1034 772 1122 eadem
806 1035 914 1127 inertia
941 1055 1014 1118 erga
1042 1033 1157 1111 hostes,

217 1135 327 1199 similis
362 1136 530 1218 petulantia
565 1147 760 1199 castrorum:
797 1136 858 1199 nisi
892 1135 976 1220 quod
1011 1136 1157 1198 innocens

217 1235 354 1301 Bolanus
378 1251 409 1302 et
430 1238 522 1302 nullis
537 1237 657 1301 delictis
679 1238 807 1312 invisus,
823 1237 980 1301 caritatem
1001 1249 1157 1318 paraverat

216 1337 285 1402 loco
299 1340 499 1404 auctoritatis.

259 1437 366 1503 XVII.
390 1440 464 1516 Sed,
486 1440 541 1503 ubi
563 1461 636 1503 cum
664 1454 766 1506 cetero
792 1439 865 1504 orbe
887 1438 1098 1521 Vespasianus
1127 1451 1158 1502 ct

216 1537 406 1602 Britanniam
416 1543 616 1621 recuperavit,
641 1542 746 1624 magni
767 1541 874 1617 duces,
898 1541 1014 1625 egregii
1043 1542 1159 1604 exerci-

216 1654 277 1715 tus,
293 1641 411 1703 minuta
433 1631 567 1704 hostium
583 1663 665 1726 spes.
709 1641 753 1706 Et
767 1654 913 1706 terrorem
935 1643 1036 1706 statim
1057 1642 1158 1705 intulit

216 1739 348 1830 Petilius
374 1741 515 1818 Cerialis,
545 1741 727 1827 Brigantum
751 1733 916 1821 civitatem,
946 1765 1025 1828 quae
1051 1766 1173 1808 nume--

216 1843 373 1906 rosissima
411 1831 585 1924 provinciae
626 1847 719 1910 totius
758 1845 944 1927 perhibetur,
981 1867 1157 1930 aggressus.

216 1942 317 2007 Multa
338 1945 463 2030 proelia,
480 1958 510 2009 et
524 1945 687 2029 aliquando
708 1969 770 2010 non
792 1948 971 2011 incruenta·
999 1947 1158 2030 magnam·

215 2067 275 2128 que
304 2044 487 2131 Brigantum
521 2060 639 2129 partem
651 2033 706 2111 eut
719 2046 852 2112 victoria
866 2035 1026 2132 amplexus
1043 2056 1158 2112 estant

215 2145 307 2213 bello.
350 2148 403 2227 Et,
420 2171 493 2214 cum
517 2150 648 2213 Cerialis
671 2137 796 2234 quidem
819 2148 945 2214 alterius
962 2152 1157 2213 'successoris

216 2271 322 2314 curam
344 2251 520 2335 famamque
543 2251 704 2329 obruisset,
728 2253 874 2315 sustinuit
895 2273 1017 2335 quoque
1043 2252 1155 2316 molem

214 2350 318 2416 Julius
341 2352 515 2430 Frontinus,
538 2355 584 2416 vir
608 2375 740 2436 magnus
763 2365 911 2436 quantum
939 2353 1061 2430 licebat,
1083 2353 1144 2417 vali

214 2453 348 2536 dumque
363 2465 394 2516 et
408 2475 583 2538 pugnacem
605 2454 742 2518 Silurum
765 2468 890 2539 gentem
911 2456 1004 2518 armis
1023 2455 1155 2538 subegit,

215 2576 308 2634 super
329 2555 474 2617 virtutem
495 2555 640 2631 hostium,
655 2555 793 2619 locorum
816 2578 938 2640 quoque
960 2556 1156 2619 difficultates

215 2654 377 2718 eluctatus

257 2753 381 2820 XVIII.
419 2755 515 2820 Hunc
552 2757 726 2822 Britanniae
763 2772 885 2837 statum,
916 2759 971 2823 lras
1005 2760 1157 2823 bellorum

217 2858 299 2919 vices
313 2856 415 2920 modia
433 2857 498 2943 jam
512 2871 628 2923 aestate
648 2873 858 2945 transgressus
873 2861 1018 2944 Agricola
1033 2862 1155 2934 invenit,

216 2980 287 3020 cum
303 2971 334 3022 ct
347 2959 472 3037 milites,
487 2961 573 3024 velut
595 2962 709 3024 omissa
731 2961 934 3043 expeditione,
950 2963 989 3025 ad
1011 2963 1156 3025 securita-

216 3073 288 3135 tcm,
305 3071 336 3122 et
350 3059 454 3123 hostes
469 3061 509 3124 ad
524 3064 719 3126 occasionem
733 3076 930 3126 verterentur.
968 3063 1156 3126 Ordovicum

215 3162 333 3238 civitas,
364 3161 448 3224 haud
475 3163 573 3226 multo
601 3157 671 3227 anic
705 3164 870 3228 adventum
899 3165 975 3248 ejus,
1005 3165 1096 3240 ala'm,
1126 3164 1157 3226 io

217 3264 328 3328 finibus
358 3265 423 3327 suis
454 3277 606 3349 agentem,
636 3288 731 3350 prope
767 3267 943 3330 universam
972 3265 1155 3329 obtriverat.

218 3386 313 3448 coque
343 3368 430 3431 initio
466 3378 569 3429 crecta
603 3369 783 3448 provincia:
822 3381 862 3443 ct,
892 3369 1005 3452 quibus
1040 3367 1156 3430 bellurn

179 3507 185 3514 -
217 3466 386 3530 volentibus
409 3481 483 3545 crat,
499 3469 626 3548 probare
649 3469 834 3550 exemplum,
851 3491 888 3532 ac
909 3470 1043 3533 recentis
1064 3467 1156 3552 legati

215 3569 351 3630 ammam
380 3571 519 3652 opperiri,
563 3589 634 3633 cum
672 3571 826 3654 Agricola,
856 3592 1034 3655 quanquam
1061 3581 1144 3632 trans

216 3680 302 3730 vecta
313 3682 424 3746 aeetae,
438 3673 536 3754 sparsi
550 3693 606 3751 per
616 3673 804 3752 provinciam
819 3673 950 3748 numeri,
960 3682 1156 3756 praesumpta

217 3767 296 3841 apud
332 3769 460 3831 militem
490 3772 572 3832 iilius
609 3775 679 3835 anni
708 3776 806 3857 quies.
837 3774 921 3836 tarda
951 3784 981 3836 et
1010 3772 1155 3836 contraria
