2730 4308
242 324 282 382 22
553 335 583 377 c.
607 334 704 378 coru.
728 331 864 376 rucrrus
1356 337 1357 428 q

239 474 401 558 captivum,
435 494 559 558 quoquo
594 473 686 538 modo
721 475 933 556 interceptum,
971 495 1045 538 cum
1079 479 1172 538 electe
1356 445 1357 486 l

235 575 432 662 popularium
454 596 590 650 suorum,
606 576 711 658 patriis
733 597 888 659 quemque
911 597 1015 652 armis,
1038 577 1161 640 commit

236 690 328 744 tunt:
359 678 486 744 victoria
520 676 613 761 hujus
641 677 691 740 rel
719 677 802 742 illius
829 699 885 759 pro
911 677 1100 762 praejudicio
1128 699 1162 741 ac

219 783 358 866 ,cipitur

281 881 341 950 XI.
363 881 413 946 De
435 856 605 949 minoribus
626 881 719 944 rebus
745 882 900 966 principes
922 880 1116 958 consultaut;
1139 880 1177 944 de

238 955 405 1070 majoribus
428 1005 559 1048 omnes:
582 985 625 1048 ita
646 997 759 1060 tamen,
782 996 817 1046 ut
838 1004 877 1046 ea
897 1003 1032 1066 quoque,
1048 1004 1178 1066 quorum

238 1107 335 1172 penes
356 1085 480 1168 plebem
502 1085 661 1152 arbitrium
682 1097 739 1160 est,
763 1083 845 1166 apud
865 1085 1018 1166 principes
1046 1097 1178 1169 pertrac-
1207 1113 1209 1120 >

239 1198 350 1254 tantur.
405 1187 538 1264 Coeunt,
574 1187 635 1252 uisi
670 1185 747 1270 quid·
780 1185 940 1254 fortuitum
976 1198 1008 1250 et
1042 1185 1178 1250 subitum

239 1288 389 1366 inciderit,
412 1290 504 1354 certis
525 1288 647 1364 diebus,
669 1309 744 1352 cum
761 1299 819 1360 aut
846 1287 1006 1354 inchoatur
1032 1286 1107 1350 luna
1127 1299 1185 1352 aut

239 1389 401 1474 impletur:
431 1412 504 1453 uam
525 1389 654 1474 agendis
686 1389 779 1452 rebus
805 1388 865 1454 boo
897 1389 1179 1470 auspicatissimum

248 1492 363 1560 uitium
384 1484 523 1554 eredunt.
564 1489 636 1556 Nec
656 1489 776 1554 dierum
798 1502 1022 1566 numeramur
1042 1511 1109 1566 nos,
1126 1488 1179 1552 sed

239 1593 377 1658 noctium
398 1587 589 1672 computant(
631 1591 687 1657 Sic
708 1592 907 1668 constituunt,
926 1593 974 1655 sic
994 1591 1178 1655 condicunt:

239 1711 301 1758 nox
321 1691 435 1758 ducere
457 1693 541 1756 diem
562 1691 692 1756 videtur.
736 1691 818 1759 Illud
840 1715 879 1756 ex
899 1692 1039 1758 libertate
1060 1693 1179 1768 vitium,

240 1793 324 1878 quod
345 1815 405 1858 non
428 1792 531 1870 simul,
546 1815 606 1858 nec
627 1807 661 1857 ut
678 1793 759 1878 jussi
781 1795 975 1871 conveniunt,
992 1793 1048 1858 sed
1062 1806 1094 1858 et
1106 1794 1181 1856 alter

241 1909 272 1960 et
285 1897 393 1962 tertius
407 1894 475 1958 dies
496 1897 689 1960 cunctatione
712 1897 893 1960 coeuntium
913 1896 1095 1961 absumitur.
1139 1891 1181 1959 Ut

240 1997 348 2062 turbae
361 1997 486 2079 placuit,
502 1995 666 2080 considunt
679 1998 797 2061 armati.
833 1997 998 2063 Silentium
1011 2019 1068 2079 per
1081 2018 1182 2060 sacer·

240 2097 338 2175 dotes,
364 2097 478 2182 quibus
507 2110 574 2162 tum
602 2109 633 2162 et
661 2097 822 2162 coercendi
846 2098 899 2184 jus
924 2111 982 2176 est,
1005 2099 1173 2184 imperatur

242 2199 318 2266 Mor
344 2221 400 2280 rer¹
426 2198 477 2263 vel
511 2201 665 2286 princeps,
694 2211 785 2282 prout
820 2213 905 2264 aetas
941 2201 1064 2284 cuique,
1092 2211 1182 2281 prout

240 2304 392 2384 nobilitas,
421 2314 513 2388 prout
536 2302 632 2366 decus
660 2302 822 2379 bellorum,
844 2315 936 2385 prout
960 2302 1103 2368 facundia
1124 2313 1182 2378 est,

241 2404 415 2480 audiuntur,
440 2403 617 2466 auctoritate
640 2402 789 2470 suadendi
810 2404 920 2486 magia,
943 2425 1037 2486 quam
1054 2403 1183 2487 jubendi

240 2515 402 2586 potestate.
461 2504 496 2567 Si
531 2503 689 2586 displicuit
723 2504 883 2579 sententia,
919 2502 1044 2566 fremitu
1080 2524 1185 2584 asper·

241 2616 375 2682 nantur;
412 2604 460 2667 sin
488 2603 613 2689 placuit,
643 2603 792 2668 frameas
811 2603 999 2667 concutiunt.
1042 2602 1183 2670 Honora·
1223 2638 1241 2685 χ

241 2706 399 2770 tissimum
412 2725 561 2768 assensus
581 2727 682 2789 genus
697 2719 754 2783 est,
770 2706 862 2768 armis
876 2703 1012 2768 laudare.
1184 2698 1266 2801 ὃ(

284 2805 362 2878 XII.
392 2805 483 2870 Licet
517 2807 599 2889 apud
627 2807 793 2872 concilium
825 2825 972 2872 accusare
1000 2827 1123 2904 quoque
1153 2813 1254 2872 et*

243 2907 409 2975 discrimen
430 2909 538 2990 capitis
561 2909 728 2973 intendere.
771 2906 937 2974 Distinctio
958 2929 1127 2994 poenarum
1145 2928 1183 2971 er

244 3009 378 3076 delicto:
407 3010 577 3091 proditores
605 3022 637 3074 et
664 3009 838 3094 transfugas
867 3009 1025 3074 arboribus
1053 3029 1184 3094 suspen·

244 3111 339 3188 dunt;
362 3111 491 3194 ignavos
515 3124 548 3176 et
567 3111 708 3177 imbelles
734 3123 765 3174 et
787 3131 913 3193 corpore
936 3109 1066 3174 infames
1087 3131 1186 3174 coeno

245 3232 281 3276 ac
294 3211 418 3298 palude,
433 3211 544 3296 injecta
565 3212 690 3293 insuper
711 3224 804 3289 crate,
816 3223 970 3296 mergunt.
1013 3209 1184 3276 Diuersitas

244 3314 388 3396 supplicii
429 3313 504 3377 illuc
544 3315 680 3396 respicit,
720 3327 866 3396 tanquam
907 3312 1025 3378 scelera
1067 3311 1183 3376 ostendi

244 3428 389 3498 oporteat,
426 3413 502 3479 dum
536 3415 714 3496 puniuntur,
751 3414 867 3498 flagitia
907 3414 1064 3480 abscondi.
1121 3413 1183 3478 Sed

245 3529 277 3580 et
297 3516 462 3582 levioribus
484 3515 614 3594 delictis,
636 3537 693 3601 pro
713 3515 806 3579 modo
833 3536 1013 3601 poenarum,
1036 3535 1185 3598 equorum

245 3637 452 3701 pecorumque
502 3639 631 3682 numero
680 3617 812 3682 convicti
854 3616 1066 3702 mulctantur:
1115 3635 1186 3696 pars

247 3716 379 3784 mulctae
407 3720 471 3802 regi
500 3719 550 3783 vel
579 3721 702 3796 civitati,
730 3741 802 3802 pars
831 3719 900 3800 ipsi,
930 3717 981 3802 qui
1007 3716 1188 3792 vindicatur,
