2730 4308
234 331 276 392 38
545 347 574 388 c.
599 345 855 390 occurremus

234 506 375 558 externos
400 494 565 575 patiuntur.
611 492 675 557 Sed
699 492 746 556 ris
776 505 807 556 et
827 493 963 574 potentia
991 492 1115 576 regibus
1137 513 1174 562 en

234 597 412 660 auctoritate
448 595 613 658 Romane:
650 615 718 659 raro
753 595 846 658 armis
888 595 1010 671 nostris,
1051 595 1176 679 saepius

236 698 365 779 pecunia
376 698 529 782 juvantur,
545 717 604 760 nec
618 697 720 760 minus
735 696 848 776 velent.

275 793 387 861 XLIII.
410 797 506 862 Retro
532 797 692 880 Marsigni,
717 795 853 874 Gothini,
878 796 946 873 Osi,
969 796 1067 870 Burii.
1090 812 1175 881 terga

202 919 204 924 ’
237 901 524 966 Marcomannorum
546 899 787 982 Quadorumque
816 898 985 962 claudunt:
1015 919 1033 961 e
1061 899 1175 981 quibus

237 1003 385 1086 Marsigni
409 1014 441 1064 ct
455 1000 543 1064 Burii
565 1020 705 1063 sermone
727 1000 873 1084 cultuque
890 999 1011 1065 Suevos
1030 1000 1165 1064 referunt

236 1103 387 1168 Gothiuos
403 1101 534 1179 Gallice,
551 1099 633 1164 Osos
648 1099 825 1166 Pannonica
843 1101 949 1185 lingua
963 1102 1102 1184 coarguit
1113 1122 1176 1164 non

235 1225 305 1268 esse
329 1203 511 1282 Germanos,
534 1215 567 1266 et
592 1201 677 1286 quod
701 1201 814 1266 tributa
841 1204 1007 1284 patiuntur.
1051 1201 1176 1266 Partem

234 1308 416 1372 tributorum
437 1305 607 1381 Sarmatae,
636 1315 755 1386 partem
777 1303 891 1380 Quadi,
921 1316 958 1367 ut
985 1303 1175 1387 alienigenis,

234 1410 403 1491 imponunt.
450 1407 588 1483 Gothini,
617 1427 680 1489 quo
712 1406 813 1490 magis
848 1405 972 1488 pudeat,
1002 1416 1034 1469 et
1060 1405 1176 1468 ferrum

234 1509 391 1572 effodiunt.
437 1507 617 1589 Omnesque
639 1506 671 1569 hi
692 1506 798 1588 populi
825 1519 926 1588 pauca
947 1508 1175 1588 campestrium,

233 1623 371 1674 ceterum
393 1608 490 1671 saltus
512 1619 543 1670 et
562 1619 694 1672 vertices
713 1608 869 1672 >montium
894 1607 1067 1692 jugumque
1095 1608 1177 1671 inse·

234 1710 351 1773 derunt.
394 1705 522 1774 Dirimit
541 1708 623 1771 enim
639 1706 811 1791 scinditque
827 1707 976 1772 Sueviem
997 1709 1176 1772 continuum

234 1810 384 1874 montium
405 1809 527 1894 jugum,
549 1809 628 1872 ultra
649 1809 733 1901 quod
752 1809 903 1891 plurimae
929 1822 1037 1892 gentes
1059 1821 1176 1892 agunt:

234 1933 272 1974 ex
293 1912 406 2006 quibus
427 1911 576 1974 latissime
597 1922 681 1991 patet
695 1909 866 1994 Lygiorrun
886 1931 999 1975 nomen
1020 1911 1059 1975 in'
1072 1911 1176 1992 plures

234 2014 372 2078 civitates
387 2011 547 2077 diffusum.
592 2010 828 2076 valentissimas
841 2012 1018 2076 nominasse
1032 2007 1175 2089 sufficiet,
1209 2087 1211 2090 ¹

234 2111 335 2192 Arios,
365 2113 573 2190 Helvecouas,
604 2111 770 2189 ManimoS,
807 2111 944 2192 Elysios,
973 2111 1165 2176 Naharvalos

236 2217 327 2303 Apud
341 2216 533 2280 Naharvalos
555 2215 699 2298 antiquae
719 2213 876 2298 religionis
890 2214 984 2279 lucus
997 2215 1175 2280 ostenditur.

235 2319 392 2384 Praesidet
414 2317 557 2382 sacerdos
578 2315 722 2380 muliebri
745 2327 871 2380 ornatu:
900 2315 956 2380 sed
976 2315 1062 2393 deos,
1085 2317 1175 2380 inter·

235 2420 403 2501 pretatione
432 2417 585 2491 Romane,
616 2415 779 2479 Castorem
807 2415 1032 2500 Pollucemque
1059 2437 1176 2480 memo·

234 2533 319 2584 rant:
344 2540 381 2582 ea
395 2519 441 2581 vis
461 2518 580 2580 numini
593 2539 601 2594 ;
613 2537 737 2580 nomen
751 2516 848 2586 Alcis.
893 2517 989 2582 Nulla
1003 2518 1174 2595 simulacra,

234 2622 354 2685 nullum
381 2620 560 2703 peregrinae
588 2619 814 2702 superstitionis
842 2621 1030 2704 vestigium:
1059 2632 1095 2684 ut
1117 2620 1176 2682 fra·

234 2737 295 2786 tres
324 2734 437 2797 tamen,
466 2732 501 2783 ut
524 2719 665 2805 juvenes,
694 2733 886 2784 venerantur.
933 2721 1081 2785 Ceterum
1109 2721 1175 2785 Arii

235 2845 329 2908 super
356 2819 446 2898 vires,
476 2821 589 2904 quibus
618 2833 811 2884 enumeratos
846 2821 939 2903 paulo
974 2834 1044 2886 ante
1079 2843 1176 2903 popu·

235 2922 280 2984 los
306 2917 499 2994 antecedunt,
528 2929 641 2992 truces,
667 2918 777 2982 insitae
802 2918 914 2982 feritati
942 2931 1006 2982 arte
1034 2941 1072 2982 ac
1099 2931 1161 2987 tem

236 3043 307 3104 pore
343 3021 562 3084 lenocinantur.
626 3018 724 3104 Nigra
760 3032 856 3097 scuta,
893 3021 988 3084 tincta
1023 3042 1174 3105 corpora:

235 3137 314 3188 atras
343 3123 382 3188 ad
409 3123 524 3204 proelia
551 3135 667 3184 noctes¹
694 3122 821 3206 legunt:
859 3123 986 3208 ipseque
1015 3121 1174 3188 formidine

224 3239 325 3312 ‚atque
347 3225 456 3288 umbre
470 3223 573 3288 feralis
596 3223 749 3286 exercitus
771 3234 917 3288 terrorem
932 3223 1075 3301 inferunt,
1090 3224 1175 3288 nullo

236 3327 368 3392 hostium
396 3325 564 3390 sustinente
592 3345 706 3386 novum
728 3345 765 3386 ac
786 3324 871 3388 velut
892 3325 1047 3390 infernum
1067 3347 1174 3410 aspec-

235 3441 318 3493 tum:
342 3449 415 3491 nam
435 3427 526 3509 primi
547 3427 580 3488 in
601 3414 744 3488 omnibus
758 3425 882 3510 proeliis
906 3425 988 3491 oculi
1001 3428 1175 3491 uincuntur.

234 3529 335 3593 Trans
365 3523 651 3613 LygiosGothones
667 3540 842 3611 regnantur,
864 3529 956 3611 paulo
974 3529 1040 3612 jam
1061 3528 1175 3591 adduc·
1221 3553 1225 3556 ·

235 3632 303 3708 tius,
334 3652 428 3714 quam
463 3641 589 3694 ceterae
622 3626 848 3692 Germanorum
883 3643 1002 3712 gentes,
1039 3629 1174 3694 nondum

235 3741 336 3794 temen
358 3751 449 3810 supra
471 3729 652 3792 libertatem.
696 3727 841 3792 Protinus
862 3729 972 3794 deinde
994 3729 1033 3795 eb
1050 3729 1175 3792 Oceano
1261 3749 1264 3754 ·
