2730 4308
568 342 588 383 a
612 343 792 386 urrunnu.
1100 327 1140 384 23

199 477 246 542 rel
267 481 446 566 propinquis
469 481 537 566 ejus
566 480 742 545 exsolvitur.
775 478 952 564 -Eliguntur
973 480 1006 544 in
1027 479 1137 546 iisdem

197 581 337 658 conciliis
366 595 397 645 ct
424 583 588 666 principes,
615 583 668 666 qui
693 582 762 666 jura
783 603 839 663 per
870 603 967 667 pagos
989 583 1136 667 vicosque

197 683 338 747 reddunt.
393 683 524 750 Centeni
553 684 683 770 singulis
712 705 752 747 ex
777 683 868 766 plebe
897 685 1036 761 comites,
1065 706 1136 748 con·

87 792 90 796 ’
197 783 301 847 silium
316 785 408 848 simul
422 797 454 849 et
468 785 642 860 auctoritas,
658 784 779 847 adsunt.

238 881 331 948 XIII.
355 883 442 948 Nihil
463 896 568 948 autem
593 895 695 967 neque·
715 883 857 965 publicae
879 907 979 968 neque
1001 887 1135 967 privatae

196 985 249 1062 rei,
272 986 331 1050 nisi
360 986 468 1050 armati
492 997 598 1070 agunt.
643 985 707 1049 Sed
728 1007 812 1050 arma
840 1007 962 1052 sumere
983 1008 1045 1050 non
1066 1000 1138 1051 ants

194 1089 340 1171 cuiquam
362 1089 466 1164 moris,
485 1109 579 1172 quarn
601 1087 708 1150 civitas
731 1088 932 1159 suffecturum
953 1089 1134 1170 probaverit.

194 1186 282 1254 Turn
296 1189 327 1252 in
342 1190 408 1270 ipso
430 1189 569 1266 concilio,
584 1189 635 1252 rel
655 1189 829 1271 principum
850 1190 961 1273 aliquis
975 1189 1026 1254 vel
1048 1200 1133 1272 pater

197 1287 245 1352 vel
279 1291 468 1374 propinquus
505 1303 592 1353 scuto
620 1289 797 1373 frameaque
829 1291 977 1374 juvenem
1007 1305 1132 1356 ornant:

196 1389 272 1455 baec
300 1390 381 1472 apud
409 1391 478 1455 illos
506 1403 586 1476 toga,
615 1391 666 1455 hic
693 1391 812 1472 primus
842 1392 986 1478 juventae
1015 1391 1132 1457 honos:

193 1504 263 1554 ante
299 1491 358 1556 hoc
391 1491 502 1558 domus
537 1514 608 1577 pars
643 1492 794 1574 videntur,
828 1515 902 1558 mox
935 1495 1132 1576 reipublicae.

194 1592 327 1677 Insignis
349 1593 501 1672 nobilitas,
525 1607 578 1658 aut
598 1615 711 1678 magna
733 1608 855 1676 patrum
880 1597 998 1672 merita,
1022 1597 1132 1679 princi·

192 1695 240 1776 pis
282 1694 490 1778 dignationem
533 1697 626 1759 etiam
670 1695 907 1760 adolescentulis
950 1699 1131 1782 assignant:

192 1797 303 1859 ceteris
331 1796 553 1860 robustioribus
581 1818 618 1859 ac
650 1795 834 1882 jampridem
861 1799 996 1880 probatis
1025 1821 1130 1883 aggre-

192 1909 322 1980 gantur;
360 1917 418 1960 nec
453 1897 555 1974 rubor,
585 1898 663 1960 inter
691 1899 819 1962 comites
856 1900 963 1981 aspici.
1008 1897 1131 1964 Gradus

192 1997 373 2080 quinetiam
388 1998 500 2080 etipse
522 1998 685 2061 comitatus
704 1997 796 2061 habet
813 1997 930 2082 judicio
945 1999 1022 2084 ejuS,
1038 2021 1132 2084 quern

192 2111 365 2162 sectantur:
394 2120 569 2182 magnaque
591 2111 621 2162 et
649 2100 799 2179 comitum
821 2101 996 2177 aemulatio,
1019 2103 1132 2184 quibus

190 2199 308 2280 primus
323 2197 405 2279 apud
426 2197 596 2279 principem
611 2219 703 2262 suum
724 2197 822 2270 locus,
837 2210 868 2260 et
881 2199 1064 2283 principum,
1080 2211 1132 2265 cur

191 2299 361 2380 plurimi'et
375 2299 515 2362 acerrimi
529 2298 668 2362 comites.
705 2297 796 2362 Haeo
810 2299 952 2382 dignitas,
967 2298 1025 2365 hae
1039 2302 1131 2378 vires,

192 2420 306 2484 magno
325 2421 447 2482 semper
469 2399 636 2463 electorum
654 2398 804 2484 juvenum
825 2400 918 2484 globo
939 2402 1130 2481 circumdari,

192 2503 223 2566 in
243 2523 320 2584 pace
342 2501 449 2578 decus,
476 2503 508 2566 in
532 2501 614 2565 bello
638 2501 837 2583 praesidium.
880 2501 951 2568 Nec
977 2503 1078 2570 solum
1099 2507 1131 2569 in

191 2624 248 2666 sua
268 2615 360 2686 gente
382 2603 505 2686 cuique,
521 2603 576 2667 sed
590 2601 673 2688 apud
687 2603 832 2668 finitimas
847 2625 969 2689 quoquc
992 2605 1131 2670 civitates

192 2704 222 2767 id
235 2725 358 2782 nomen,
374 2725 412 2768 ea
425 2704 521 2790 gloria
535 2717 592 2782 est,
607 2706 633 2768 si
647 2725 776 2768 numero
790 2727 828 2767 ac
842 2706 952 2769 virtute
968 2708 1130 2770 comitatus

191 2807 343 2869 emineat:
367 2819 548 2888 expetuntur
570 2806 653 2869 enirn
674 2805 878 2889 legationibus
901 2818 932 2869 et
952 2808 1130 2870 muneribus

191 2919 334 2970 ornantur
349 2919 380 2969 et
393 2908 461 2987 ipsa
474 2905 656 2992 plerumque
671 2904 753 2969 fama
766 2906 851 2969 bella
862 2908 1035 2992 profligant.
1131 2954 1132 2962 κ

232 3007 323 3071 XIV.
347 3007 431 3070 Cum
448 3019 575 3070 ventum
589 3007 621 3069 in
634 3008 745 3081 aciem,
760 3019 848 3088 turpe
870 3009 998 3090 principi
1020 3011 1131 3074 virtute

190 3108 282 3183 vinei,
304 3121 393 3188 turpe
422 3109 589 3184 comitatui,
611 3109 755 3171 virtutem
784 3110 930 3192 principis
959 3132 1020 3174 non
1041 3110 1131 3174 adae·

190 3229 296 3294 quare.
340 3207 412 3271 Jam
439 3229 512 3271 vero
537 3207 650 3272 infame
679 3210 712 3272 in
739 3231 864 3274 ornnem
888 3212 982 3274 vitam
1005 3233 1042 3274 ac
1063 3234 1131 3292 pro·

190 3312 326 3385 brosum,
350 3311 546 3394 superstitem
571 3311 701 3396 principi
724 3333 781 3375 suo
803 3331 842 3375 er
862 3313 929 3374 acie
951 3313 1130 3376 recessisse.

190 3412 283 3476 lllum
302 3409 475 3488 defendere,
491 3413 580 3487 tueri,
596 3433 653 3474 sua
674 3433 797 3495 quoque
813 3411 902 3475 sortia
915 3411 996 3473 facta
1016 3411 1130 3494 gloriae

189 3514 257 3598 ejus
279 3513 446 3596 assignare,
467 3513 670 3604 praecipuum
692 3526 921 3594 sacramentum
940 3523 998 3576 est.
1042 3509 1131 3576 Prin-

188 3616 274 3697 cipes
295 3636 350 3696 pro
365 3615 491 3676 victoria
512 3626 668 3697 pugnant;
690 3613 819 3677 comites
833 3633 890 3694 pro
902 3613 1050 3694 principe.
1095 3611 1128 3678 si

190 3718 306 3791 civitas,
321 3717 354 3778 in
376 3716 519 3799 quassorti
545 3728 624 3792 sunt,
640 3715 732 3798 longa
755 3734 832 3794 pace
859 3726 890 3778 et
916 3715 976 3778 otio
1002 3727 1120 3798 torpeat
