2730 4308
218 344 259 402 50
544 361 574 402 o.
598 357 695 401 coan.
719 357 830 400 rnorrr

218 507 344 572 influere
366 507 489 588 penitus
511 518 602 590 atque
631 506 757 583 ambire,
782 519 813 569 ct
837 503 922 590 jugis
947 502 1042 567 etiam
1069 515 1159 587 atqua

218 610 372 673 montibus
387 608 481 672 inseri
494 608 580 674 velut
594 608 627 672 in
642 631 711 671 suo.
740 629 746 644 ¹

259 709 319 774 XI.
344 709 493 773 Ceterum
515 707 706 774 Britanniam
721 711 775 793 qui
792 708 935 772 mortales
959 708 1044 771 initio
1058 707 1161 771 colue-

216 813 285 889 rint,
308 811 469 896 indigenae
497 833 537 874 an
565 811 695 887 advecti,
718 807 854 875 ut'inter
874 811 1031 886 barbaros,
1053 831 1160 891 parum

217 925 420 997 compertum.
464 911 601 976 Habitus
630 933 793 992 corporum
814 912 913 974 varii:
943 924 1036 995 atque
1064 933 1104 973 ex
1124 932 1161 973 ec

217 1026 416 1098 argumenta3
440 1034 573 1096 namque
599 1013 708 1076 rutilae
733 1011 936 1077 Caledoniam
960 1011 1161 1077 habitantium

216 1136 334 1194 comae,
356 1115 461 1200 magni
489 1127 583 1191 artus,
614 1113 834 1178 Germanicam
862 1115 1012 1198 originem
1040 1134 1162 1177 asseve-

217 1229 293 1282 rant.
337 1217 475 1282 Silurum
510 1217 637 1281 colorati
669 1216 773 1280 vultus
810 1229 841 1280 ot
876 1217 945 1279 torti
980 1215 1162 1299 plerumque

217 1322 317 1384 crines
360 1332 392 1384 et
433 1320 534 1405 posita
570 1331 674 1384 contra
710 1318 864 1404 Hispania
900 1318 1007 1380 iberos
1043 1315 1161 1381 veteres

218 1423 373 1508 trajecisse
414 1445 528 1506 easque
567 1423 658 1486 sedes
698 1443 868 1504 occupasse
905 1421 1000 1484 fidem
1035 1420 1161 1484 faciunt.
1250 1431 1253 1434 ’

216 1524 355 1587 Proximi
378 1508 532 1586 Gallis'ct
553 1523 670 1586 similes
693 1536 785 1600 sunt;
810 1545 864 1586 sen
888 1523 1015 1586 durante
1038 1523 1162 1606 originis

217 1626 258 1693 vi.
274 1645 340 1700 seu,
363 1624 611 1705 procurrentibus
633 1625 666 1686 in
686 1623 808 1686 diuersa
830 1627 928 1700 terrie,
951 1625 1062 1706 positio
1079 1621 1161 1687 'coeli

217 1725 395 1806 corporibus
417 1725 556 1788 habitum
570 1725 673 1787 dedit:
696 1726 728 1788 in
745 1728 925 1789 universum
947 1741 1050 1790 tamen
1072 1727 1163 1789 aesti-

217 1828 323 1903 manti,
354 1825 462 1888 Gallos
486 1821 626 1890 vicinam'
646 1823 782 1888 insulam
811 1849 980 1908 occupasse
1017 1827 1161 1891 credibile

218 1947 276 1992 est.
320 1928 440 1992 Eorum
468 1949 557 1991 sacra
577 1926 789 2008 deprehendas
818 1925 1072 2009 superstitionum
1095 1951 1163 2014 per-

219 2031 383 2094 suasione:
407 2050 509 2093 sermo
538 2028 621 2092 haud
649 2028 781 2092 multum
810 2029 973 2107 diversus3
997 2032 1029 2093 in
1053 2030 1163 2113 depos·

219 2133 325 2196 condis
350 2132 496 2219 perieulis
520 2131 628 2194 eadem
658 2131 848 2208 audaciam,
872 2130 926 2194 ubi
947 2130 1109 2210 advenere,
1133 2135 1162 2196 in

218 2235 422 2300 detrectandis
451 2234 569 2300 eadem
600 2233 738 2298 formido
757 2253 762 2294 .’
784 2233 862 2298 Plus
899 2245 1003 2297 tamen
1030 2233 1163 2299 ferociae
1186 2303 1188 2310 ,

219 2335 355 2401 Britanni
377 2337 561 2418 praeierunt,
579 2349 612 2400 ut
627 2358 705 2419 quos
720 2336 857 2400 nondum
877 2335 970 2420 longa
993 2358 1053 2418 pax
1068 2338 1163 2401 emol-

218 2436 317 2500 lierit:
348 2458 420 2500 nam
443 2435 705 2520 Gallosquoque
735 2440 767 2500 in
794 2438 884 2501 bellis'
906 2437 1047 2501 floruisse
1076 2460 1164 2502 acce-

216 2539 340 2619 pimus:
364 2545 436 2600 mox
458 2537 589 2620 segnitia
604 2558 678 2600 cum
692 2539 754 2601 otio
777 2539 908 2614 intravit,
924 2540 1039 2603 amissa
1052 2540 1163 2603 virtute

217 2640 330 2721 pariter
358 2659 395 2700 ao
424 2637 583 2715 libertatc;
614 2637 697 2722 quod
726 2637 943 2718 Britannorum
971 2642 1045 2705 olim
1074 2641 1163 2704 victis

219 2740 339 2802 evenit:
364 2739 458 2802 ceteri
473 2751 606 2816 manent,
617 2738 731 2822 &quales
748 2738 831 2804 Galli
845 2740 980 2804 fuerunt.

261 2839 347 2908 ΧΙΙ.,
361 2839 399 2903 ln
420 2839 523 2921 pedite
545 2841 659 2904 robur:
685 2841 838 2925 quaedam
858 2844 997 2906 nationes
1021 2857 1052 2906 et
1073 2865 1163 2907 curru

218 2940 444 3022 proeliantur:¹
465 2939 620 3005 honestior
648 2944 764 3026 auriga,
794 2943 923 3007 clientes
960 2941 1163 3028 propugnant.

220 3041 305 3106 Olim
325 3041 451 3125 regibus
466 3042 622 3123 parebant,
638 3065 720 3106 nunc
742 3049 797 3128 per
810 3046 965 3126 principes
979 3043 1164 3109 factionibus

220 3157 251 3208 et
265 3143 374 3208 studiis
396 3143 576 3208 trahuntur:
599 3167 658 3207 nec
684 3145 768 3208 ahud
789 3146 937 3210 adversus
958 3147 1164 3211 validissimas

219 3260 327 3332 gentes
342 3269 397 3334 pro
419 3247 507 3310 nobis
530 3246 646 3322 utilius
663 3247 854 3330 quamquod
870 3233 1080 3312 incommune
1105 3259 1164 3313 nou

219 3350 395 3414 consulunt.
439 3347 544 3412 Rarus
558 3348 679 3411 duabus
700 3349 837 3412 tribusve
853 3351 1029 3415 civitatibus
1044 3351 1164 3432 adpro·

219 3450 406 3534 pulsandum
428 3471 593 3514 commune
614 3448 788 3530 perieulum
809 3457 998 3516 conventus:
1023 3451 1075 3529 ita,¹
1090 3453 1163 3516 dum

220 3552 334 3635 singuli
358 3565 504 3636 pugnant,
521 3553 656 3616 universi
671 3553 842 3617 vincuntur.
890 3527 1036 3618 Coelum⁹
1050 3555 1164 3618 crebris

220 3652 370 3717 imbribus
406 3675 443 3718 ac
478 3653 600 3716 nebulis
636 3652 787 3718 foedum:
832 3657 980 3740 asperitas
1017 3657 1163 3740 frigorum

221 3753 318 3818 abest.
340 3765 342 3772 '
362 3752 492 3816 Dierum
523 3757 620 3834 spatia
649 3755 727 3818 ultra
755 3757 849 3818 nostri
872 3758 953 3820 orbis
977 3780 1159 3826 mensuram
