2730 4308
552 391 720 438 nenrcom.
1070 379 1110 437 {³

168 541 208 606 ΕΞ,
231 545 275 594 23.
298 538 374 593 Nova
402 539 530 611 expeditio
552 557 634 595 novas
663 548 756 612 gentos
780 542 870 612 aperit,
893 555 961 609 quae
984 539 1111 610 praesidio

198 629 343 681 firmantur.
379 626 519 697 Agricolae
540 628 680 682 candorio
699 627 915 682 communicanda
938 627 1030 697 gloria.
1066 633 1110 682 24.

199 712 346 767 Consilium
363 711 395 766 de
413 712 564 784 occupanda
581 713 716 768 Hibernia.
753 715 866 767 25-27.
889 713 1015 767 Civitates
1038 720 1111 766 trans

199 799 349 853 Bodotriam
371 801 438 853 sitae
455 799 629 871 explorantur.
667 797 809 865 Caledonii,
826 799 960 854 Romanos
984 797 1111 870 aggressi.

199 885 309 940 consilio
325 884 457 955 ductuque
474 885 616 956 Agricolae
639 886 716 957 pulsi,
736 877 872 941 sacrificiis
895 887 1112 958 conspirationem

199 973 334 1026 civitatum
358 974 489 1026 sanciunt.
532 976 576 1026 28.
601 971 753 1042 Usipiorum
771 972 863 1026 cohors
886 974 952 1026 miro
970 989 1036 1027 casu
1053 973 1111 1026 Bri·

198 1059 316 1114 tanniam
340 1056 525 1114 circumvecta.
573 1059 715 1130 Agricolae
737 1059 808 1114 filius
832 1061 893 1114 obit
939 1065 981 1114 29.
1007 1059 1111 1114 Bellum

198 1148 319 1202 Britanni
336 1155 459 1219 reparant
470 1147 587 1218 Calgaco
600 1147 675 1213 duce,
687 1148 763 1216 cujus
775 1153 888 1202 30-32.
901 1147 984 1202 oratio
994 1147 1027 1203 ad
1039 1167 1110 1202 suos.

200 1239 242 1299 33,
255 1239 298 1288 34.
317 1234 451 1290 Romanos
472 1251 574 1304 quoqne
591 1234 709 1288 hortatur
726 1234 861 1306 Agrioom
898 1237 1009 1290 att-37.
1028 1238 1111 1291 Atrox

199 1326 227 1373 et
244 1328 383 1374 cruentum
400 1319 536 1391 proelium.
573 1325 615 1375 38.
634 1321 721 1376 Penes
733 1321 868 1376 Romanos
879 1323 996 1376 uictoria.
1031 1322 1110 1392 Agri·

200 1406 260 1460 cola
271 1405 435 1461 Britanniam
447 1408 607 1462 circumvehi
619 1408 753 1480 praecipit.

166 1498 208 1548 30.
227 1494 403 1560 Domitianus,
414 1495 498 1550 fronte
515 1496 607 1562 laetus,
619 1503 723 1567 pectore
739 1497 843 1561 anxius,
855 1497 976 1550 nuntium
988 1495 1113 1549 victoriae

200 1584 305 1653 excipit
341 1588 384 1636 40.
403 1582 525 1637 Honores
541 1590 630 1637 tamen
643 1583 784 1654 Agricolae
797 1583 901 1638 decerni
917 1584 998 1651 jubet,
1010 1579 1113 1637 condito

200 1669 266 1734 odio,
283 1669 366 1724 donec
389 1672 523 1741 provincia
546 1669 655 1726 decedat
671 1671 806 1741 Agricola.
842 1670 869 1724 Is
893 1671 975 1725 redux
998 1671 1112 1724 modesto

200 1757 264 1825 agit.
299 1761 343 1810 41.
361 1756 514 1812 Periculum
532 1757 566 1811 ab
589 1757 786 1812 accusatoribus
804 1765 831 1812 et
847 1756 1032 1812 laudatoribus
1069 1763 1112 1812 42.

199 1841 320 1896 Excusat
330 1859 368 1908 se,
379 1859 413 1898 na
425 1845 587 1915 proxinciam
604 1844 727 1898 sortiatur
742 1843 889 1915 proconsul.
924 1849 968 1898 43.
987 1844 1049 1899 Obit
1061 1861 1113 1898 non

201 1931 258 1983 sine
281 1931 376 1986 veneni
399 1930 557 2002 suspicione,
576 1947 594 1983 a
611 1931 761 1985 Domitiano
776 1931 839 1984 dati.
875 1936 918 1984 44.
943 1930 1009 1999 Ejus
1033 1938 1114 1995 aetas,

200 2017 313 2082 habitus,
330 2017 449 2083 honores,
467 2035 538 2089 opes.
575 2019 618 2071 45.
641 2017 735 2072 Mortis
753 2019 929 2088 opportunitas
947 2025 1008 2072 ante
1025 2017 1114 2070 Domi·

199 2104 264 2158 tiani
283 2105 441 2158 atrocitates.
477 2109 520 2159 46.
539 2104 660 2166 Questus
678 2106 793 2157 auctoris
811 2111 839 2158 et
855 2105 994 2157 exvirtute
1012 2104 1112 2158 solatia.

200 2190 285 2244 Fama
298 2191 439 2262 Agricolae
451 2190 483 2244 ud
496 2200 612 2260 posteros
626 2191 788 2242 transmissa.

210 2379 237 2444 I.
277 2379 458 2443 Carnorum
496 2381 630 2443 virorum
665 2379 747 2443 facta
785 2400 948 2464 moresque
984 2380 1114 2462 posteris

168 2481 296 2558 tradere,
320 2481 487 2565 antiquitus
515 2483 672 2558 usitatum,
695 2503 734 2544 ne
756 2482 867 2545 nostris
890 2480 1015 2566 quidem
1037 2495 1114 2544 tem·

166 2585 292 2666 poribus
321 2606 496 2668 quanquam
533 2585 687 2648 incuriosa
723 2605 851 2646 suorum
886 2597 971 2647 aetas
1001 2585 1113 2660 omisit,

167 2687 309 2769 quotiens
331 2707 443 2770 magna
454 2684 561 2770 aliqua
575 2707 612 2750 ac
627 2685 737 2748 nobilis
752 2686 849 2749 virtus
865 2685 937 2750 vicit
952 2707 989 2748 ac
1009 2678 1115 2766 super·

168 2809 274 2870 grossa
297 2800 345 2851 est
365 2788 475 2851 vitium
496 2788 598 2869 parvis
623 2787 806 2870 magnisque
832 2787 1007 2850 civitatibus
1031 2808 1115 2849 com-

168 2909 271 2964 mune,
308 2888 510 2972 ignorantiam
544 2887 621 2951 recti
656 2899 687 2950 et
722 2873 879 2951 invidiam.
934 2887 999 2950 Sed
1034 2886 1114 2969 apud

166 2991 292 3071 priores,
308 3002 342 3052 ut
357 3010 450 3072 agere
466 2987 561 3072 digna
574 2995 746 3051 memoratu
759 2973 896 3069 pronum¹
905 2989 1066 3073 magisque
1081 2990 1114 3053 in

169 3103 273 3172 aperto
289 3103 362 3166 crat,
378 3092 421 3154 ita
442 3089 661 3153 celeberrimus
685 3089 816 3172 quisque
838 3091 962 3174 ingenio
985 3091 1024 3153 ad
1047 3111 1115 3172 pro·

168 3189 301 3254 dandam
315 3191 435 3254 virtutis
458 3191 648 3266 memoriam,
665 3191 730 3252 sine
745 3191 843 3273 gratia
864 3204 918 3254 aut
939 3191 1114 3266 ambitione,

168 3293 267 3354 bonae
282 3303 401 3354 tanturn
416 3291 621 3354 conscientiae
636 3293 733 3373 pretio
747 3291 927 3355 ducebatur.
964 3293 1012 3354 Ac
1025 3291 1115 3372 pleri-

170 3415 230 3478 que
247 3413 336 3456 suam
358 3393 417 3474 ipsi
431 3393 526 3456 vitam
548 3413 667 3473 narrare
690 3392 836 3455 fiduciam
857 3393 960 3473 potius
982 3413 1113 3466 morum,

170 3517 264 3579 quam
292 3495 496 3577 arrogantiam
524 3493 659 3556 arbitrati
684 3505 774 3556 sunt:
798 3514 856 3556 nec
884 3491 915 3554 id
945 3491 1064 3554 Rutilio
1086 3505 1116 3558 et

172 3598 291 3662 Scauro
313 3598 389 3661 citra
403 3596 496 3660 fidem
519 3608 573 3659 aut
594 3596 803 3659 obtrectationi
825 3593 902 3657 fuit:
925 3593 1003 3656 adeo
1023 3595 1102 3659 virtu
1150 3615 1154 3622 ·

172 3711 218 3762 tes
255 3699 366 3763 iisdem
402 3698 591 3779 temporibus
622 3698 736 3781 optime
766 3697 974 3771 aestimantur,
1004 3696 1116 3778 quibus

172 3798 316 3865 facillime
346 3801 522 3885 gignuntur.
567 3799 609 3862 At
632 3818 714 3861 nunc
735 3803 900 3860 narraturo
924 3793 1001 3860 mihi
1023 3799 1116 3864 vitam
