2766 4306
262 351 304 409 62
586 367 615 407 c.
640 365 735 408 noan.
760 366 869 410 rncrrr

263 513 381 576 tanrriao
409 525 514 594 patet;
549 525 640 596 atque
670 534 767 576 omne
789 514 928 596 ignotum
955 535 1012 598 pro
1038 517 1204 600 magnifice

263 625 319 676 est.
364 612 428 677 Sed
452 613 536 676 nulla
561 613 626 698 jam
650 613 730 677 ultra
751 635 837 697 gens,
859 614 934 678 nihil
955 616 1016 678 nisi
1036 616 1150 681 fluctus
1173 631 1203 682 et

263 736 345 790 saxa,
362 726 392 778 et
406 714 579 778 infestiores
602 714 756 779 Romani:
779 736 912 798 quorum
933 717 1111 798 superbiam
1123 719 1203 784 irus-

263 827 307 878 tra
321 836 376 899 per
397 817 580 899 obsequium
596 828 627 880 et
642 815 825 879 modestiam
848 817 1005 900 effugeris.
1049 817 1203 901 Raptores

263 917 354 993 orbis,
369 929 533 1000 postquam
554 930 667 980 cuncta
687 917 879 980 vastantibus
900 917 1026 981 defuere
1048 933 1156 997 terrae,
1172 933 1203 984 et

263 1039 346 1082 mare
376 1030 568 1082 scrutantur:
608 1019 634 1080 si
662 1017 801 1098 locuples
827 1017 925 1082 hostis
954 1032 1011 1096 est,
1041 1022 1145 1099 avari;
1176 1023 1203 1086 si

262 1141 386 1201 pauper,
411 1119 582 1182 ambitiosi:
613 1141 690 1202 quos
716 1141 777 1182 uon
801 1119 922 1196 Oriens,
948 1127 1011 1184 non
1036 1121 1191 1187 Occidens

263 1222 425 1284 satiaverit.
479 1220 545 1284 Soli
582 1222 721 1284 onmium
751 1241 825 1302 opes
854 1234 946 1305 atque
975 1223 1110 1304 inopiam
1136 1225 1203 1304 pari

262 1321 375 1384 affectu
419 1321 650 1404 concupiscunt.
708 1321 849 1398 Auferre,
886 1321 1048 1400 trucidare,
1084 1343 1201 1404 rapere,

264 1420 348 1484 falsis
376 1423 553 1486 nominibus
579 1424 764 1504 imperium3
794 1434 895 1506 atque,
923 1409 978 1486 ubi
1006 1423 1202 1488 solitudinem

264 1521 387 1596 faciunt,
402 1543 513 1602 pacem
526 1522 709 1607 appellant?

303 1617 421 1686 XXXI.
445 1621 605 1686 “Liberos
625 1625 737 1707 cuique
752 1646 790 1688 ac
803 1626 994 1710 propinquos
1005 1647 1078 1689 suos
1093 1639 1201 1690 natura

263 1723 439 1786 carissimos
454 1744 524 1786 esse
538 1724 653 1802 voluit;
676 1724 707 1789 bi
722 1747 777 1806 per
791 1725 939 1802 delectus,
956 1727 1029 1790 alibi
1049 1728 1201 1810 servituri,

263 1823 459 1888 auferuntur·
490 1825 636 1910 conjuges
664 1848 853 1911 sororesque,
882 1829 940 1892 etsi
966 1827 1110 1893 hostilem
1133 1829 1204 1896 libis

262 1925 366 1989 dinem
394 1927 551 2012 effugiant,
580 1928 703 1993 nornine
732 1929 903 1993 amicorum
931 1940 1022 2014 atque
1046 1930 1202 2012 hospitum

262 2028 446 2110 polluuntur.
470 2027 577 2092 'Bona
604 2029 800 2114 fortunasque
829 2031 860 2094 iu
888 2031 1036 2096 tributum
1064 2045 1203 2116 egerunt,

203 2125 204 2128 '
262 2153 356 2195 annos
371 2131 402 2195 in
415 2132 624 2195 frumentum:
647 2152 774 2214 corpora
794 2132 862 2214 ipsa
876 2153 913 2196 ac
926 2153 1036 2196 manus
1057 2134 1144 2224 silvis
1165 2155 1202 2197 ac
1228 2135 1231 2140 ’

263 2232 424 2314 paludibus
453 2231 645 2296 emuniendis
671 2230 909 2299 interverbera
933 2255 970 2296 ac
999 2233 1201 2298 contumelias

261 2347 430 2398 conterunt.
474 2333 557 2397 Nata
577 2331 724 2398 “servituti
751 2335 904 2416 mancipia
933 2336 1030 2400 semel
1057 2349 1202 2413 veneunt,

262 2448 352 2517 atque
380 2435 460 2498 ultro
480 2456 499 2498 a
519 2434 650 2498 dominis
678 2425 817 2498 aluntur}
841 2435 997 2500 Britannia
1025 2438 1202 2501 servitutem

262 2557 351 2596 suam
378 2534 513 2618 quotidie
543 2536 626 2611 emit,
657 2537 792 2618 quotidie
821 2539 930 2622 pascit.
974 2523 1032 2614 Ac,
1063 2538 1143 2602 sicut
1171 2539 1202 2600 in

263 2635 376 2698 familia
397 2636 627 2699 recentissimus
649 2638 780 2721 quisque
810 2659 967 2702 servorum
988 2651 1032 2704 et.
1045 2639 1201 2702 conservis

263 2735 393 2798 ludibrio
416 2748 472 2813 est,
489 2738 534 2800 sic
548 2737 581 2800 iu
595 2736 654 2800 boc
664 2739 749 2810 orbis
771 2751 920 2802 terrarum
934 2751 1036 2804 vetere
1051 2738 1201 2802 famulatu

263 2837 332 2899 novi
354 2858 410 2900 uos
432 2848 464 2900 et
484 2836 560 2901 viles
575 2839 612 2910 in=
621 2838 776 2902 excidium
797 2841 960 2920 petimur.'
984 2839 1097 2924 Neque
1119 2841 1202 2904 enim

262 2956 333 3000 arva
347 2937 434 3001 nobis
456 2950 510 3001 aut
531 2940 654 3004 metalla
676 2951 730 3004 aut
753 2951 859 3021 portus
883 2953 964 3016 sunt,
980 2942 1093 3024 quibus
1115 2961 1201 3004 exer·

189 3112 191 3116 ,
263 3037 369 3101 condis
394 3060 596 3104 reservemur.
640 3039 745 3105 Virtus
771 3063 859 3127 porro
883 3063 920 3104 ac
941 3042 1056 3106 ferocia
1081 3041 1202 3126 subjec-

262 3151 361 3203 torum
403 3141 520 3224 ingrata
562 3142 805 3223 imperantibus:
850 3154 881 3205 et
919 3143 1125 3226 longinquitas
1165 3163 1202 3204 ac

261 3255 415 3306 secretum
450 3243 554 3328 ipsum
589 3265 650 3327 quo
686 3256 792 3320 tutius
830 3266 868 3307 eo
904 3246 1091 3330 suspectius.
1143 3243 1201 3320 Ita,

261 3344 381 3407 sublata
417 3365 471 3426 spe
507 3345 624 3420 veniae,
655 3337 778 3407 tandem
814 3347 926 3408 sumite
962 3346 1109 3421 animum,
1138 3351 1202 3408 tam

261 3444 373 3526 quibus
410 3445 503 3520 salus,
541 3466 634 3532 quam
669 3445 781 3528 quibus
817 3445 913 3528 gloria
948 3446 1108 3523 carissima
1143 3456 1200 3507 est.

261 3543 475 3621 Trinobantes,
512 3543 626 3608 femina
661 3544 750 3620 duce,
771 3561 914 3608 ‘exurere
951 3526 1112 3621 coloniani,
1150 3565 1202 3606 ex·

262 3665 396 3729 pugnare
418 3658 526 3721 castra,
550 3666 596 3722 ac,
618 3646 679 3708 nisi
701 3644 830 3710 felicitas
851 3648 882 3710 in
905 3646 1077 3710 socordiam
1094 3645 1202 3708 vertis·

262 3755 317 3821 set,
340 3765 452 3807 exuere
477 3745 588 3828 jugum
609 3759 755 3829 potuere:
785 3769 841 3810 nos
872 3749 979 3832 integri
1002 3759 1033 3810 et
1062 3746 1199 3811 indomiti
