2730 4308
232 361 272 420 44
563 379 593 420 c.
613 378 712 420 conu.
734 377 846 420 nuorrr

230 523 366 590 defuncti
380 523 522 600 bominis,
535 525 624 588 venia
640 547 717 607 opus
730 525 788 590 fuit
802 547 809 588 :
832 545 926 608 quarn
940 545 1001 588 non
1014 524 1169 606 petissem,

229 626 448 690 incursatums
474 639 538 689 tam
560 647 653 690 saeva
668 639 699 690 et
717 625 827 690 infesta
841 627 1004 690 virtutibus
1025 637 1164 712 tempora

272 727 315 790 Il.
339 726 500 812 Legimus,
514 749 586 791 cum
598 728 736 792 Aruleno
748 725 879 792 Rustico
891 727 1009 791 Paetus
1022 726 1173 805 Thrasea,

231 829 388 894 Herennio
404 829 567 892 Senecioni
589 827 720 892 Priscus
742 829 908 893 Helvidius
929 829 1044 894 laudati
1059 842 1173 906 essent,

229 931 358 1012 capitale
387 929 507 993 fuisse:
529 951 632 1014 neque
660 932 694 994 in
713 931 798 1012 ipsos
823 929 916 994 modo
944 942 1096 1007 auctores,
1119 930 1172 996 scd
1213 932 1217 938 ’

230 1032 261 1094 in
282 1032 381 1095 libros,
394 1051 518 1115 quoque
540 1051 649 1095 eorum
671 1033 832 1108 saevitum,
846 1031 989 1116 delegato
1008 1032 1173 1096 triumviris

229 1133 407 1209 ministerio,
429 1147 465 1196 ut
492 1144 694 1197 monumenta
718 1133 960 1196 clarissimorum
982 1133 1173 1217 ingeniorum

231 1235 260 1297 in
274 1234 398 1297 comitio
412 1255 449 1296 ac
462 1233 530 1297 foro
552 1245 724 1298 urerentur.
769 1234 897 1298 Scilicet
911 1233 964 1297 illo
978 1235 1050 1318 igne
1063 1255 1172 1297 vocem

228 1336 335 1420 populi
349 1335 483 1398 Romani
505 1348 537 1399 et
557 1335 731 1400 libertatem
753 1348 878 1404 senatus
900 1348 931 1399 et
953 1323 1173 1400 conscientiam

229 1438 352 1521 generis
365 1436 492 1500 humani
514 1437 629 1502 aboleri
643 1435 875 1512 arbitrabantur,
889 1437 1026 1518 expulsis
1048 1437 1174 1518 insuper

229 1539 397 1622 sapientiae
432 1537 657 1622 professoribus
685 1552 778 1622 atque
814 1539 899 1602 omni
934 1539 1016 1602 bona
1049 1550 1115 1602 arte
1135 1539 1171 1601 vin

181 1715 184 1720 ,
229 1639 356 1702 exilium
384 1651 462 1715 acta,
485 1660 524 1702 ne
547 1639 621 1722 quid
637 1661 775 1723 usquam
802 1639 967 1705 honestum
989 1653 1170 1704 occurrerat.

230 1738 383 1803 Dedimus
402 1741 543 1821 profecto
563 1741 677 1825 grande
698 1742 862 1822 patientiae
877 1741 1119 1805 documentum-t
1143 1753 1172 1804 et

217 1841 309 1904 'sicut
322 1853 412 1904 vetus
427 1853 512 1905 aetas
526 1842 610 1918 vidit,
626 1842 701 1926 quid
720 1842 866 1907 ultimum
879 1842 911 1912 in
925 1841 1064 1906 libertate
1079 1855 1171 1914 esset,

228 1943 270 2006 ita
283 1963 350 2020 nos,
366 1942 441 2028 quid
454 1944 487 2007 in
502 1945 658 2021 servitute,
675 1943 817 2026 adempto
838 1966 894 2026 par
915 1943 1127 2028 inquisitiones
1142 1955 1172 2006 et

228 2043 373 2130 loquendi
388 2044 593 2129 audiendique
611 2045 808 2108 commercio.
852 2043 1034 2108 Memoriam
1050 2065 1172 2128 quoque

229 2147 328 2228 ipsam
342 2168 417 2210 cum
428 2167 506 2210 voce
520 2146 773 2229 perdidissemus,
789 2147 816 2209 si
831 2159 894 2210 tam
908 2147 940 2209 in
953 2158 1057 2210 nostra
1070 2159 1172 2230 potes·

229 2256 290 2312 t'ate
305 2261 388 2312 esset
403 2249 551 2324 oblivisci,
567 2269 661 2331 quam
677 2263 789 2311 tacere.
1048 2323 1056 2335 ,

271 2348 333 2414 III.
362 2349 456 2413 Nunc
484 2349 611 2412 demum
646 2349 725 2412 redit
757 2351 899 2412 animus:
938 2361 969 2411 et
996 2369 1171 2432 quanquam

230 2453 326 2532 primo
342 2451 445 2514 statim
458 2450 630 2514 beatissimi
653 2450 770 2514 saeculi
785 2463 852 2514 ortu
867 2449 972 2512 Nerva
992 2449 1109 2513 Caesar
1121 2471 1171 2512 ras

229 2552 301 2616 olim
323 2551 535 2614 dissociabiles
561 2551 728 2626 miscuerit,
754 2551 959 2636 principatum
985 2573 1022 2614 ac
1051 2551 1171 2614 liberta·

229 2666 303 2729 tem,
331 2664 504 2738 augeatque
540 2651 676 2736 quotidie
704 2652 883 2716 felicitatem
918 2653 1038 2738 imperii
1067 2651 1170 2716 Nerva

229 2753 392 2840 Trajanus,
407 2775 467 2817 nec
481 2775 570 2834 spem
590 2753 682 2818 modo
697 2775 734 2818 ac
748 2767 853 2818 votum
874 2756 1023 2818 securitas
1037 2753 1176 2836 publica

229 2856 285 2919 sed
305 2855 403 2937 ipsius
418 2855 480 2918 voti
494 2855 641 2920 fiduciam
655 2877 692 2919 ac
703 2855 799 2918 robur
820 2855 1022 2936 assumpserit
1032 2873 1041 2928 ;
1064 2867 1170 2918 natura

228 2969 331 3020 tamon
358 2955 540 3020 infirmitatis
571 2954 723 3021 humanae
752 2954 884 3020 tardiora
919 2968 990 3019 sunt
1025 2955 1170 3034 remedia,

229 3078 321 3141 quam
333 3056 430 3140 mala3
446 3065 487 3139 ct,
499 3067 536 3124 ut
546 3079 674 3142 corpora
682 3051 792 3124 nostra
801 3057 886 3124 lento
900 3069 1081 3142 augescunt,
1111 3055 1170 3120 cito

228 3160 472 3242 exstinguuntur,
496 3159 542 3224 sic
564 3160 687 3242 ingenia
709 3157 871 3242 studiaque
894 3159 1082 3240 oppresseris
1097 3159 1171 3224 faci·

228 3260 297 3337 lius,
322 3281 416 3346 quarn
443 3261 645 3324 revocareris.
689 3259 782 3324 Subit
809 3262 922 3344 quippe
951 3262 1043 3324 etiam
1073 3261 1170 3341 ipsius

229 3363 353 3426 inertiae
378 3361 529 3426 dulcedo:
560 3373 591 3424 et
620 3361 718 3425 invisa
745 3363 845 3447 primo
870 3362 989 3425 desidia
1016 3377 1170 3443 postremo

228 3477 357 3526 amatur.
401 3463 494 3546 Quid,
520 3460 549 3526 si
574 3483 629 3543 per
646 3461 823 3546 quindecim
838 3484 942 3538 annos,
962 3462 1077 3546 grande
1092 3483 1169 3524 mor·

229 3564 297 3627 talis
312 3566 380 3628 aevi
403 3551 545 3646 spatium,
562 3564 651 3628 multi
667 3563 798 3628 fortuitis
822 3565 947 3628 casibus
981 3563 1170 3644 promptissi-

229 3685 299 3728 mus
313 3666 445 3748 quisque
461 3666 588 3728 saevitia
609 3665 755 3746 principis
778 3664 1015 3728 intercideruntl
1059 3663 1168 3740 Pauci,

229 3779 269 3838 et,
284 3777 318 3829 ut
332 3767 375 3828 ita
388 3766 527 3838 dixerim,
543 3788 603 3827 non
625 3767 717 3828 modo
739 3767 878 3840 aliorum,
895 3765 949 3829 scd
965 3767 1058 3828 ctiam
1076 3777 1160 3828 nostr
