2730 4308
579 385 750 431 roriconi.
1096 373 1131 430 51

193 549 223 602 et
243 559 305 602 nox
326 537 409 601 clara
437 549 468 600 et
492 549 628 600 extrema
650 535 826 601 Britanniae
854 549 940 618 parte
969 535 1081 612 brevis,
1104 547 1138 600 ut

192 640 286 704 finem
301 651 394 723 atque
420 639 541 702 initium
565 637 646 702 lucis
661 639 774 722 exiguo
788 637 964 702 discrimine
990 638 1139 702 internos·

195 763 258 806 aaa.
303 741 396 816 Quod
412 741 438 804 si
452 740 552 803 nubes
574 762 635 803 non
661 739 805 817 officiant,
821 741 918 825 aspici
940 753 1137 822 pernoctem

3 919 7 926 ‚
97 895 104 900 .
194 843 269 907 solis
283 841 448 926 fulgorem
459 863 519 906 nec
541 841 681 906 occidere
697 853 728 907 et
742 863 916 926 exsurgere,
934 842 989 906 sed
1009 840 1140 906 transire

194 935 356 1008 affirmant.
402 942 531 1009 Scilicet
553 955 688 1006 extrema
703 956 734 1009 et
747 943 839 1029 plana
857 957 1015 1021 terrarum,
1030 943 1140 1008 humili

193 1048 312 1124 umbra,
345 1069 406 1109 non
443 1048 565 1131 erigunt
600 1046 752 1122 tenebras,
782 1046 922 1130 infraque
958 1047 1081 1110 coelum
1109 1058 1141 1110 et

194 1149 296 1212 sidera
316 1170 378 1211 uox
392 1148 483 1212 cadit.
530 1147 651 1224 Solum,
672 1161 793 1229 praeter
815 1148 915 1212 oleam
929 1149 1086 1232 vitemque
1110 1159 1141 1211 et

195 1248 299 1312 cetera
321 1239 629 1312 calidioribus'terris
652 1250 722 1312 oriri
747 1261 844 1326 sueta,
865 1251 983 1329 patiens
1005 1250 1141 1333 frugum,

196 1349 366 1414 fecundum
420 1349 719 1426 Tarde‚mitescunt,'
732 1351 794 1414 cito
807 1351 1008 1432 proven'unt:
1033 1349 1142 1414 eadem

117 1467 121 1471 ’
196 1453 358 1536 utriusque
379 1452 424 1515 rei
446 1473 549 1530 causa,
565 1453 682 1516 multus
698 1443 809 1516 humor
827 1465 975 1516 terrarum
991 1451 1131 1536 coelique

196 1554 269 1618 'Fert
284 1553 441 1618 Britannia
462 1577 571 1619 aurum
586 1567 617 1618 et
631 1568 792 1639 argentum
807 1568 838 1620 et
853 1555 913 1618 alia
926 1555 1059 1632 metalla,
1075 1575 1143 1636 pre·

196 1658 274 1721 tium
301 1658 465 1720 victoriae:
502 1659 601 1742 gignit
629 1672 660 1721 et
696 1658 841 1722 Oceanus
877 1659 1049 1743 margarita,
1088 1656 1141 1720 sed

197 1758 344 1823 subfusca
366 1781 403 1822 ac
424 1759 560 1822 liuentia.
583 1799 586 1805 ,
604 1758 741 1833 Quidam
762 1772 859 1823 artem
882 1759 992 1826 abesse
1014 1759 1143 1843 legenti·

196 1860 255 1923 bus
277 1861 478 1924 arbitrantur:
502 1883 574 1925 nam
596 1861 741 1924 inRubro
763 1863 840 1925 mari
854 1862 924 1924 viva
945 1883 982 1924 ac
998 1861 1143 1943 spirantia

198 1964 279 2026 saxis
301 1963 402 2039 avelli,
425 1964 457 2027 in
479 1961 646 2040 Britannia,
662 1975 753 2045 prout
774 1962 904 2044 expulsa
926 1964 996 2037 sint,
1018 1962 1142 2046 colligi:

198 2086 256 2148 ego
283 2065 406 2128 facilius
435 2063 619 2128 crediderim
649 2076 791 2126 naturam
819 2064 992 2145 margaritis
1020 2063 1142 2138 deesse,

197 2187 290 2248 quam
305 2166 393 2228 nobis
409 2165 579 2227 avaritiam.

210 2275 212 2282 '
240 2265 335 2328 XIII.
358 2265 425 2348 Ipsi
448 2263 587 2326 Britanni
601 2263 757 2327 delectum
778 2285 814 2327 ac
836 2262 949 2327 tributa
964 2276 995 2325 et
1009 2263 1144 2348 injuncta

198 2365 319 2448 rmperii
334 2387 463 2428 munera
477 2361 747 2450 impigre'obeunt
764 2367 790 2430 si
806 2364 933 2450 injuriae
949 2365 1064 2428 absint:
1088 2365 1144 2430 has

198 2487 290 2550 aegre
319 2465 457 2542 tolerant,
489 2466 555 2551 jam·
582 2465 753 2531 dominat
780 2459 915 2549 parcant,
945 2467 1082 2531 nondum
1109 2481 1144 2532 ut

199 2569 340 2633 serviant.
385 2569 484 2654 Igitur
504 2561 633 2654 primus
651 2571 788 2634 omnium
819 2569 1031 2634 Romanorum
1053 2571 1143 2635 divus

198 2670 301 2736 lulius
324 2693 396 2735 cum
419 2673 554 2735 exercitu
570 2671 759 2738 Britanniam
782 2673 950 2756 ingressus,
966 2695 1144 2756 quanquam

197 2769 342 2855 prospera
362 2795 466 2856 pugna
487 2775 629 2838 terruerit
650 2775 766 2838 incolas
782 2795 819 2836 ao
833 2773 933 2837 littore
954 2776 1070 2854 potitus
1093 2776 1142 2850 sit,

198 2887 299 2959 potest
312 2875 408 2938 videri
424 2875 596 2939 ostendisse
618 2878 760 2957 posteris,
775 2897 836 2937 uon
851 2875 1023 2939 tradidisse.
1068 2875 1143 2938 Mox

198 2977 280 3039 bella
301 2976 403 3039 civilia
418 2989 449 3039 et
462 2979 494 3040 in
516 2977 739 3062 rempublicam
755 2999 843 3040 versa
860 2979 1034 3059 principum
1049 2999 1142 3052 arma,

199 3099 236 3139 ac
249 3077 342 3159 longa
364 3078 477 3141 oblivio
496 3077 672 3142 Britanniae
688 3080 780 3142 etiam
795 3079 826 3142 in
840 3101 928 3160 pace.
971 3077 1142 3142 Consilium

199 3177 232 3242 id
260 3177 350 3240 divus
377 3180 541 3262 Augustus
578 3169 716 3256 vocabat,
746 3180 893 3244 Tiberius
933 3191 1144 3266 praeceptum.

200 3279 346 3362 Agitasse
377 3279 416 3344 C.
448 3281 615 3344 Caesarem
644 3281 682 3344 de
711 3282 850 3346 intranda
878 3282 1053 3346 Britannia·
1071 3279 1144 3340 satis

200 3392 330 3456 constat,
360 3382 392 3443 ni
420 3381 511 3444 velox
546 3383 678 3466 ingenio,
712 3383 834 3447 mobilis
870 3380 1084 3463 poenitentiae,
1115 3391 1144 3442 et

201 3484 340 3566 ingentes
356 3479 504 3546 adversus
521 3483 720 3556 Germaniam
734 3497 863 3560 conatus
877 3481 994 3544 frustra
1002 3479 1144 3543 fuissent.

202 3581 301 3647 Divus
325 3583 477 3648 Claudius
499 3597 605 3648 auctor
630 3586 741 3670 aperie,
764 3583 945 3647 transvectis
970 3581 1144 3664 legionibus

201 3684 385 3773 armillisque
409 3698 440 3749 ct
461 3699 621 3770 assumpto
636 3689 667 3750 in
682 3699 800 3769 partem
815 3703 917 3746 rerum
932 3681 1143 3766 Vespasiano:
