2730 4308
1349 229 1355 286 l

211 349 252 408 52
536 363 566 405 c.
590 360 686 406 coen.
710 359 821 404 rrerrr
1296 358 1300 362 ·
1347 299 1355 538 1

210 511 293 597 quod
320 493 442 576 initiunt
469 523 615 574 venturae
644 531 716 573 mox
743 508 882 574 ftrtunae
910 507 989 572 furt:
1019 506 1104 572 domi
1174 555 1175 562 κ
1249 563 1257 568 .

210 628 326 698 gentes,
343 613 424 692 capti
438 632 539 695 reges,
555 623 586 674 et
599 623 785 676 monstratus
800 610 870 674 fatis
889 520 1179 712 Vespasianusiissis

253 712 344 780 XIV.
375 712 593 778 Consularium
620 713 738 794 primns
767 711 868 776 Aulus
897 711 1040 776 Plautius
1067 732 1155 793 prae·

211 817 339 898 positus,
363 837 400 878 ac
422 814 553 879 subinde
579 813 722 878 Ostorius
747 814 892 896 Scapula,
920 826 1049 897 uterque
1073 813 1156 878 bello
1221 846 1224 850 ·

212 919 376 1002 egregius:
399 915 584 1000 redactaque
605 915 754 998 paulatim
775 916 808 978 in
829 914 959 978 formam
982 915 1156 996 provinciae
1269 923 1272 928 “

214 1020 351 1102 proxima
370 1039 441 1100 pars
462 1017 659 1082 Britanniae:
681 1016 785 1080 addita
806 1017 932 1098 insuper
944 1028 1157 1082 veteranorum
1213 1030 1218 1036 ’

213 1121 352 1184 colonia:
375 1119 529 1204 quaedam
550 1119 690 1183 civitates
707 1117 872 1202 Cogiduno
893 1120 959 1203 regi
973 1118 1103 1182 donatae
1116 1119 1157 1200 (is

216 1224 252 1287 ad
279 1236 415 1288 nostram
444 1243 544 1308 usque
573 1222 754 1286 memoriam
778 1220 948 1286 fidissimus
976 1219 1104 1301 mansit)
1125 1233 1158 1284 ut

216 1339 316 1390 vetere
345 1348 383 1388 ac
408 1325 473 1410 jam
500 1323 621 1406 pridem
647 1336 773 1406 recepta
799 1323 904 1409 populi
931 1322 1065 1387 Romani
1088 1343 1158 1388 con-

215 1427 389 1504 suetudine,
418 1426 545 1490 haberet
581 1427 783 1490 instrumenta
815 1425 971 1488 servitutis
1000 1437 1032 1488 et
1058 1445 1159 1508 reges.

215 1529 292 1592 Mox
305 1528 419 1592 Didius
436 1526 546 1592 Gallus
568 1539 654 1610 parta
668 1549 686 1590 a
700 1525 852 1612 prioribus
878 1527 1036 1604 continuit,
1051 1527 1159 1609 paucis

215 1629 381 1693 admodum
410 1628 546 1692 castellis
575 1629 607 1690 in
635 1627 779 1694 ulteriora
811 1629 969 1710 promotis,
997 1649 1053 1710 per
1080 1649 1160 1712 quae
1268 1673 1271 1676 «

216 1733 298 1796 fama
333 1731 416 1794 aucti
452 1729 547 1793 officii
582 1744 790 1814 quaereretur.
843 1729 972 1795 Didium
1008 1729 1160 1794 Veranius

216 1834 345 1916 excepit,
376 1833 465 1916 isque
501 1832 580 1895 intra
615 1852 729 1896 annum
765 1833 934 1897 exstinctus
970 1845 1028 1898 est.
1067 1832 1164 1920 *Sue-¹

216 1936 318 1998 tonius
347 1933 419 1999 hinc
439 1931 600 1998 Paullinus
628 1934 752 2012 biennio
779 1955 942 2019 prosperas
970 1955 1021 1998 res
1044 1933 1160 2010 habuit,

217 2038 354 2102 subactis
383 2037 558 2102 nationibus
587 2037 778 2119 firmatisque
807 2036 968 2118 praesidiis
984 2060 1010 2100 :.
1030 2055 1161 2120 quorum

198 2143 201 2148 '
217 2141 331 2204 fiducia
346 2139 475 2204 Monam
496 2138 639 2215 insulam,
655 2151 691 2202 ut
705 2139 786 2201 vires
807 2137 974 2204 rebellibus
989 2139 1161 2203 ministran-

217 2256 289 2318 tem,
305 2263 482 2328 aggressus,
496 2252 586 2325 terga
600 2241 755 2305 occasioni
773 2240 928 2320 patefecit.

259 2343 332 2408 XV.
357 2343 503 2426 Namque
518 2343 658 2406 absentia
671 2343 764 2426 legati
780 2355 897 2406 remoto
911 2355 1007 2419 metu,
1024 2341 1161 2407 Britanni

217 2447 331 2530 agitare
354 2447 432 2508 inter
454 2467 489 2506 se
517 2445 599 2508 mala
627 2446 793 2522 servitutis,
817 2443 954 2510 conferre
982 2445 1109 2530 injurias
1131 2457 1163 2508 et

216 2544 440 2626 interpretando
461 2543 649 2608 accendere:
671 2544 747 2609 nihil
761 2545 868 2630 profici
882 2545 1038 2627 patientia,
1053 2545 1114 2608 nisi
1128 2557 1162 2608 ut

217 2648 365 2733 graviora,
381 2658 527 2730 tanquam
551 2665 590 2709 err
610 2644 694 2710 facili
718 2646 928 2723 tolerantibus,
951 2648 1160 2732 imperentur:

217 2750 355 2834 singulos
370 2748 429 2812 sibi
444 2748 518 2813 olim
540 2769 629 2832 reges
644 2748 752 2825 fuisse,
768 2771 851 2813 nunc
873 2750 962 2820 binos
984 2750 1120 2832 imponi:
1144 2771 1162 2812 a

217 2853 330 2936 quibus
365 2851 485 2935 legatus
522 2851 554 2914 in
590 2851 781 2936 sanguinem,
810 2864 988 2933 procurator
1022 2853 1055 2916 in
1081 2852 1161 2914 bona

217 2953 349 3018 saeviret
417 2953 529 3037 Aeque
560 2951 746 3018 discordiam
780 2955 1033 3035 praepositorum,
1063 2973 1161 3036 aeque

217 3055 421 3132 concordiam,
438 3055 586 3140 subjectis
608 3057 788 3121 exitiosam:
812 3055 938 3120 alterius
960 3077 1070 3120 manus
1090 3077 1161 3118 cen·

218 3158 364 3234 tationes,
381 3157 506 3221 alterius
529 3179 634 3221 servos
655 3159 719 3222 vim
742 3169 773 3222 et
795 3158 997 3222 contumelias
1019 3159 1161 3222 miseere.

220 3259 306 3325 Nihil
320 3305 324 3313 -
338 3259 404 3345 jam
439 3260 607 3342 cupiditati,
640 3259 716 3324 nihil
750 3259 869 3324 libidini
905 3272 1093 3342 exceptum:
1130 3261 1162 3324 in

218 3363 332 3444 proelio
358 3361 514 3426 fortiorem
536 3383 616 3437 esse,
640 3362 693 3446 qui
719 3361 848 3442 spoliet:
877 3383 960 3426 nunc
982 3361 1021 3426 ab
1043 3362 1161 3447 ignavis

218 3464 399 3548 plerumque
414 3479 445 3529 et
459 3464 636 3549 imbellibus
659 3465 736 3554 eripi
748 3463 867 3541 domos,
883 3463 1019 3528 abstrahi
1038 3464 1161 3540 liberos,

219 3564 334 3648 injungi
362 3565 512 3643 delectus,
542 3576 688 3648 tanquam
724 3566 802 3630 mori
830 3577 948 3632 tanturn
975 3588 1031 3648 pro
1066 3565 1160 3648 patria

219 3666 448 3730 nescientibus:
472 3666 656 3751 quantulum
684 3668 767 3731 enim
794 3668 941 3730 transisse
966 3666 1110 3744 militurn,
1137 3667 1162 3730 si

220 3785 289 3826 sese
316 3764 453 3829 Britanni
482 3766 668 3830 numerent?
698 3789 743 3830 src
773 3767 958 3831 Germanias
987 3769 1159 3831 excussisse
