2730 4308
535 385 573 426 on
598 383 778 427 onnnnnrn.
1086 357 1124 418 31

187 553 278 615 quam
304 531 463 614 perhanc
487 531 616 616 gloriam
641 532 800 616 sanguinis
827 555 845 596 a
871 531 1071 596 similitudine
1096 547 1126 596 et

185 635 293 699 inertia
323 633 484 698 Gallorum
513 646 700 714 separentur.
755 633 862 715 Ipsam
890 633 992 697 Rheni
1028 634 1126 714 ripam

54 795 75 815 f
184 733 267 799 haud
293 735 386 798 dubie
417 733 651 826 Germanorum
670 735 775 816 populi
797 735 917 811 colunt,
936 733 1124 818 Vangiones,
1206 767 1226 784 »-

115 810 322 913 '‘J-,Triboci
360 823 542 902 Nemetes.
557 835 631 900 Ne
668 835 742 900 Ubii
778 836 913 920 quidem,
950 857 1127 920 quanquam

185 935 328 1002 Romana
352 937 472 1002 colonia
497 955 569 1000 esse
597 938 765 1000 meruerint
789 958 827 1000 ac
848 937 993 1001 libentius
1015 937 1128 1022 Agrip

184 1040 329 1122 pinenses
365 1038 530 1102 conditoris
572 1035 621 1104 sui
659 1040 782 1102 nomine
818 1050 974 1115 vocentur,
1010 1038 1127 1122 origine

183 1141 380 1216 embescunt,
417 1140 599 1223 transgressi
636 1137 710 1203 olim
745 1152 777 1203 et
812 1140 1019 1222 experimento
1054 1139 1127 1212 fidei

185 1259 279 1322 super
299 1240 527 1322 ipsamssRheni
547 1242 644 1322 ripam
666 1241 817 1317 collocati,
840 1251 1044 1314 statuerent,
1066 1261 1128 1304 non

185 1355 220 1404 ut
240 1341 477 1406 custodirentur.

228 1440 355 1506 XXIX.
378 1442 527 1508 Omnium
547 1442 656 1506 harum
678 1443 817 1527 gentium
837 1443 949 1506 uirtute
971 1443 1128 1525 praecipui

187 1543 304 1621 Batavi,
320 1567 382 1608 nou
394 1544 528 1608 multum
541 1565 581 1608 ex
594 1547 669 1626 ripa,
686 1544 742 1608 sed
754 1543 895 1608 'insulam
910 1543 1013 1608 Rheni
1028 1545 1127 1608 amnis

185 1645 299 1723 colunt,
330 1643 514 1712 Chattorum
543 1645 699 1729 quondam
735 1646 870 1731 populus
907 1657 939 1709 et
978 1644 1128 1710 seditione

184 1746 354 1821 domestica
374 1747 407 1810 in
428 1767 482 1810 eas
502 1746 596 1810 sedes
621 1758 842 1830 transgressus,
865 1746 1031 1830 inquibus
1056 1767 1127 1831 pars

186 1847 319 1916 Romani
347 1848 467 1929 imperii
495 1848 612 1912 fierent.
657 1846 764 1912 Manet
800 1847 897 1911 honos
926 1861 957 1912 et
985 1848 1128 1931 antiquae

106 1971 110 1980 ·
156 1950 339 2013 tsocietatis
368 1949 510 2032 insigne:
543 1971 615 2014 nam
645 1969 704 2014 nec
731 1950 853 2014 tributis
882 1961 1127 2025 contemnuntur,

185 2071 243 2114 nec
256 2051 441 2132 publicanus
462 2052 585 2114 atterit:
609 2051 900 2133 exempti'oneribus
916 2063 947 2115 et
961 2051 1128 2114 collationi·

184 2151 244 2214 bus
272 2165 304 2216 et
330 2164 451 2216 tantum
479 2153 511 2216 in
537 2173 632 2216 usum
663 2153 864 2236 proeliomm·
879 2153 1015 2236 sepositi,
1044 2151 1128 2239 velut

148 2330 151 2337 .
184 2253 247 2316 tela
266 2265 359 2334 atque
387 2273 482 2327 arma,
503 2252 594 2315 bellis
621 2263 826 2316 reservantur.
870 2251 932 2314 Est
958 2253 991 2315 in
1018 2251 1128 2314 eodem
1162 2259 1183 2268 “

185 2353 337 2436 obsequio
359 2364 390 2416 et
405 2353 621 2417 Mattiacorum
643 2374 739 2437 gens3
761 2353 888 2434 protulit
907 2355 990 2418 enim
1010 2354 1128 2444 magnif

186 2453 260 2518 tudo
281 2453 387 2535 populi
409 2453 543 2518 Romani
564 2454 644 2518 ultra
666 2453 824 2531 Rhenum,
846 2455 986 2537 ultraque
1007 2465 1128 2518 veteres

185 2556 341 2629 terminos,
356 2555 477 2641 imperii
497 2557 710 2622 reverentiam.
754 2555 801 2618 lta
816 2556 889 2620 sede
904 2555 1080 2639 finibusque
1095 2556 1128 2618 in

186 2677 243 2719 sua
270 2657 346 2742 ripa,
375 2669 478 2722 mente
507 2659 670 2742 animoque
702 2657 865 2722 nobiscum
892 2669 996 2741 agunt,
1025 2669 1127 2720 cetera

186 2758 302 2822 similes
317 2757 454 2834 Batauis,
469 2758 529 2821 uisi
544 2759 628 2842 quod
649 2760 718 2844 ipso
739 2757 840 2822 adhuc
854 2770 952 2822 terrae
968 2779 1042 2822 suae
1061 2759 1127 2822 solo

186 2870 217 2922 et
238 2859 328 2938 coelo
351 2860 452 2923 aerius
476 2860 658 2922 animantur.
702 2858 775 2922 Non
799 2861 1025 2926 numeraverim
1050 2861 1127 2924 inter

188 2950 372 3024 Germaniae
393 2959 535 3042 populos,
557 2980 734 3044 quanquam
755 2972 838 3022 trans
853 2959 1004 3024 Rhenum
1020 2959 1127 3024 Danu·

186 3057 334 3142 biumque
377 3058 580 3146 consederint,
608 3079 672 3136 eos,
713 3060 767 3142 qui
803 3057 994 3125 Decumates
1029 3082 1127 3174 'agros

133 3213 134 3216 ,
188 3165 341 3222 exercent.
396 3149 590 3222 Levisshnus
618 3160 750 3243 quisque
781 3158 942 3226 Gallorum
971 3174 1002 3226 et
1026 3161 1127 3242 inopia

189 3260 298 3336 audax,
319 3259 432 3324 dubias
457 3261 663 3344 possessionis
685 3261 785 3325 solum
808 3283 1008 3344 occupavere.
1052 3261 1128 3324 Mox

188 3361 285 3425 limite
313 3372 382 3424 ecto
409 3361 618 3446 promotisque
642 3362 813 3444 praesidiis,
837 3364 923 3426 sinus
952 3362 1072 3445 imperii
1098 3373 1128 3424 et

189 3483 259 3545 pars
272 3462 447 3543 provinciae
462 3461 620 3527 habentur.

230 3559 339 3628 XXX.
361 3559 449 3627 Ultra
469 3562 530 3626 hos·
540 3561 650 3627 chatti
662 3564 783 3628 initium
805 3563 888 3626 sedis
910 3563 948 3625 ab
971 3559 1129 3642 Hercynio

190 3661 269 3728 saltu
289 3662 441 3737 inchoant,
457 3685 518 3728 non
539 3676 582 3730 rta
602 3665 711 3741 effusis
733 3687 771 3728 ac
791 3663 978 3746 palustribus
1000 3663 1077 3726 locis
1098 3677 1128 3729 ut

191 3781 309 3828 ceterae
331 3766 481 3843 civitates,
498 3768 527 3829 in
550 3789 628 3850 quas
651 3764 818 3830 Germania
839 3765 991 3847 patescit3
1015 3761 1129 3828 durant
