2766 4306
250 367 292 428 ῚΙ)
575 385 605 427 c.
629 383 725 428 cour.
752 382 858 426 raeiri

250 531 306 596 sed
327 531 366 596 de
389 531 523 597 bibernis
548 531 705 616 legionum
730 544 762 594 et
785 529 982 612 possessione
1006 527 1180 593 dubitatum

251 633 307 710 lta,
328 655 401 698 eum
422 633 535 696 damna
554 632 676 696 damnis
696 633 944 696 continuarentur
972 643 1064 716 atque
1090 630 1190 694 omnis

251 757 348 799 annus
370 734 530 798 funeribus
552 745 583 796 et
604 732 743 796 cladibus
772 733 977 815 insigniretur,
1007 732 1191 813 poscebatur

250 857 301 898 ore
317 835 401 919 vulgi
422 835 486 898 dux
506 833 670 917 Agricola:
694 833 942 918 comparantibus
964 833 1084 897 cunctis
1105 833 1187 916 vigo·

251 957 325 1010 rem,
355 935 557 999 constantiam
585 947 616 996 et
645 947 804 1015 expertum
831 934 922 998 bellis
950 935 1090 998 animum
1117 953 1189 998 cum

251 1037 357 1100 inertia
383 1050 414 1099 et
435 1034 597 1098 formidine
623 1047 805 1098 ceterorum.
824 1101 828 1110 ,
850 1034 973 1108 Quibus
996 1026 1189 1098 sermonibus

250 1137 324 1200 satis
339 1148 459 1200 constat
476 1134 644 1200 Domitiani
665 1157 789 1220 quoque
811 1156 901 1198 aures
916 1135 1100 1212 verberatas,
1115 1134 1190 1200 dum

251 1241 384 1320 optimus
411 1238 543 1322 quisque
571 1237 750 1301 libertorum
778 1258 881 1300 amore
910 1250 942 1300 et
969 1235 1040 1313 fide,
1063 1237 1190 1318 pessimi

250 1341 437 1425 malignitate
462 1351 494 1403 et
517 1339 623 1416 livore,
644 1359 776 1420 pronum
796 1337 997 1402 deterioribus
1022 1338 1191 1419 principem

251 1442 495 1507 exstimulabant.
540 1440 596 1504 Sic
623 1439 769 1523 Agricola
803 1439 896 1504 simul
923 1440 989 1504 suis
1017 1440 1190 1515 virtutibus,

252 1542 343 1605 simul
366 1543 448 1605 vitiis
470 1541 609 1616 aliorum,
626 1540 658 1604 in
678 1541 778 1622 ipsam
799 1539 928 1621 gloriam
950 1561 1097 1624 praeceps
1120 1561 1197 1684 agg?

251 1643 349 1705 batur.

292 1739 388 1804 XLII.
431 1740 547 1806 Aderat
584 1742 650 1826 jam
694 1765 803 1819 annus,
847 1766 909 1826 quo
943 1743 1192 1825 proconsulatum

252 1845 347 1907 Asiae
369 1856 400 1907 et
421 1843 545 1907 Africae
576 1844 741 1920 sortiretur,
765 1857 796 1908 et
824 1846 928 1908 occiso
958 1845 1066 1909 Civica
1092 1865 1192 1929 nuper

253 1967 309 2008 nec
324 1945 487 2029 Agricolae
509 1944 672 2008 consilium
686 1945 801 2021 deerat,
816 1967 875 2010 nec
890 1945 1067 2010 Domitiano
1089 1967 1192 2010 exem·

253 2047 349 2128 plum.
406 2049 578 2111 Accessere
617 2046 743 2130 quidam
785 2048 1005 2131 cogitationum
1046 2047 1192 2128 principis

253 2151 351 2234 periti,
375 2150 438 2233 qui,
461 2150 599 2214 iturusne
626 2162 710 2212 esset
730 2150 763 2213 in
782 2150 980 2232 provinciam,
1003 2148 1082 2213 ultro
1103 2149 1193 2234 Agri·

252 2252 356 2317 colam
377 2252 614 2334 interrogarent:
637 2271 674 2314 ac
696 2251 795 2335 primo
823 2251 975 2314 occultius
997 2251 1134 2334 quietern
1162 2262 1192 2313 et

253 2353 349 2416 otium
384 2351 519 2424 laudare,
549 2372 622 2414 mox
657 2372 782 2435 operam
818 2373 907 2415 suam
936 2352 968 2414 in
998 2350 1192 2436 approbanda

253 2452 449 2516 excusatione
475 2451 604 2514 offerre:
626 2465 781 2532 postremo
806 2474 867 2515 non
889 2452 953 2537 jam
973 2452 1106 2529 obscuri,
1123 2473 1191 2515 sua-

253 2553 360 2616 dentes
376 2551 469 2614 simul
488 2563 705 2634 terrentesque,
720 2567 894 2633 pertraxere
907 2553 946 2616 ad
959 2553 1191 2630 Domitianum;

254 2655 304 2737 qui
335 2666 459 2738 paratus
482 2652 685 2729 simulatione,
709 2654 740 2716 in
762 2657 965 2740 arrogantiam
992 2656 1191 2736 compositus,

255 2768 285 2818 et
312 2753 409 2818 audiit
435 2775 544 2837 preces
573 2756 758 2832 excusantis,
782 2768 822 2832 et,
852 2778 926 2820 curn
953 2758 1120 2832 annuisset,
1142 2757 1191 2840 agi

255 2857 312 2920 sibi
326 2855 439 2940 gratias
460 2877 574 2941 passus
596 2869 665 2920 est:
688 2878 747 2921 nec
768 2859 891 2922 erubuit
911 2859 1054 2923 beneficii
1069 2856 1192 2924 invidia.

255 2957 407 3021 Salarium
429 2969 543 3034 tamen,
564 2959 773 3040 proconsulari
802 2959 927 3024 solitum
951 2960 1053 3024 offerri
1075 2972 1106 3023 et
1125 2959 1194 3042 qui·

253 3059 384 3122 busdam
413 3081 432 3122 a
459 3081 493 3122 se
515 3060 583 3142 ipso
604 3081 799 3137 concessum,
821 3061 985 3145 Agricolae
1006 3083 1068 3125 non
1088 3061 1191 3124 dedit:

254 3162 318 3224 sive
348 3160 484 3223 offensus
513 3181 574 3223 non
601 3163 741 3241 petitum,
765 3162 830 3225 sive
860 3183 898 3224 ex
923 3163 1120 3237 conscientia,
1143 3183 1191 3237 ne,

253 3262 335 3346 quod
357 3273 504 3337 vetuerat,
527 3260 682 3325 videretur
710 3263 834 3326 emisse.
878 3261 1041 3345 Proprium
1069 3262 1193 3326 hnmani

254 3365 367 3448 ingenii
396 3375 453 3435 est,
484 3363 586 3425 odisse
616 3383 710 3445 quem
737 3362 889 3426 laeseris:
926 3362 1094 3428 Domitiani
1115 3371 1194 3427 'vero

255 3478 360 3528 natura
380 3485 529 3546 praeceps
551 3464 583 3527 in
604 3464 690 3540 iram,
707 3477 738 3527 et
753 3486 814 3547 quo
837 3466 1004 3542 obscurior,
1024 3488 1062 3529 eo
1083 3467 1195 3530 irrevo-

254 3566 388 3642 cabilior,
417 3565 624 3628 moderatione
652 3577 755 3629 tamen
781 3565 1003 3650 prudentiaque
1032 3567 1195 3651 Agricolae

255 3666 443 3730 leniebatur:
473 3667 547 3748 quia
568 3687 629 3728 non
650 3669 843 3730 contumacia
865 3689 966 3752 neque
995 3669 1076 3732 inani
1100 3667 1198 3752 jacta·

256 3766 336 3828 tione
357 3765 505 3828 libertatis
524 3765 638 3830 samam
660 3767 818 3850 fatumque
840 3770 1034 3849 provocabat.
1079 3769 1195 3832 Sciant.
