2766 4306
574 401 745 448 rcnrcouu.
1095 387 1131 446 71

191 551 305 636 quibua
333 553 426 615 moris
456 551 561 616 illicita
588 551 702 629 mirari,
731 571 823 633 possa
846 551 940 616 etiam
966 551 1024 615 sub
1045 551 1135 616 malis

191 653 382 738 principibus
411 673 539 736 magnos
566 653 649 717 viros
685 674 777 728 esse:
815 652 1062 736 obsequiumque
1098 674 1136 716 ac

191 752 386 829 modestiam,
414 753 441 815 si
469 751 618 818 industria
645 773 682 816 ac
710 753 798 837 rigor
829 752 939 830 adsint,
969 773 1007 815 eo
1034 751 1135 816 laudis

192 853 351 930 excedere,
377 875 439 938 quo
467 853 605 938 plerique
632 875 689 940 par
709 854 847 936 abrupta,
871 853 928 918 sed
955 854 988 918 in
1015 853 1135 918 nullum

191 954 377 1036 reipublicae
391 975 496 1028 usum,
511 954 676 1018 ambitiosa
689 967 786 1019 morte
801 953 1018 1019 inclaruerunt.
1101 985 1128 994 ’-

204 1043 343 1117 'xlru
372 1054 460 1120 Finis
487 1056 569 1122 vitae
605 1054 682 1140 ejus·
701 1055 791 1120 uobis
826 1056 999 1134 luctuosus,
1026 1056 1135 1120 amicis

190 1157 296 1233 tristis,
319 1157 472 1220 extraneis
494 1156 587 1220 etiam
607 1156 783 1241 ignotisque
804 1177 867 1219 non
888 1157 955 1220 sine
977 1178 1051 1220 cura
1064 1157 1134 1221 fuit.

191 1254 315 1340 Vulgus
329 1278 465 1342 ,quoque
493 1269 525 1321 et
551 1256 603 1321 hic
631 1257 716 1322 aliud
736 1279 833 1341 agens
854 1257 987 1338 populus
1009 1269 1041 1320 et
1061 1279 1134 1320 veu-

191 1358 318 1422 titavere
331 1357 371 1421 ad
384 1357 521 1435 domum,
537 1370 568 1422 et
582 1379 638 1440 per
650 1357 717 1422 fora
731 1371 763 1422 et
776 1359 909 1423 circulos
931 1357 1027 1421 locuti
1042 1369 1133 1420 sunt:

190 1479 251 1522 nec
264 1458 428 1543 quisquam
448 1459 552 1524 audita
572 1473 670 1524 morte
684 1459 850 1544 Agricolae
872 1472 927 1523 aut
942 1459 1073 1523 lactatus
1087 1471 1136 1522 est

191 1572 245 1624 aut
273 1561 375 1625 statim
401 1556 524 1625 oblitus.
567 1561 714 1646 Augebat
733 1562 964 1626 miserationem
991 1573 1134 1626 constans

189 1683 303 1740 rumor,
332 1684 451 1727 veneno
482 1665 699 1749 interceptum.
753 1662 854 1728 Nobis
882 1663 959 1728 nihil
986 1663 1132 1746 comperti
1178 1731 1184 1738 ,

191 1763 342 1828 affirmare
371 1765 472 1830 ausim
486 1777 663 1830 :eetemm
690 1787 746 1848 per
773 1781 897 1830 omnam
925 1765 1132 1830 valetudinem

206 1863 269 1948 jus,
284 1865 422 1928 crebrius
436 1887 531 1950 quam
551 1887 592 1929 ex
611 1888 696 1931 more
719 1868 907 1948 principatus
934 1888 991 1952 per
1011 1867 1134 1931 nuntios

190 1965 328 2043 visentis,
359 1979 391 2030 et
416 1967 596 2031 libertorum
629 1968 722 2049 primi
750 1979 782 2030 et
808 1967 1000 2032 medicorum
1035 1968 1134 2031 intimi

190 2087 324 2132 venere:
348 2068 413 2132 siva
428 2089 502 2130 cura
516 2067 593 2132 illud
610 2069 676 2131 sive
690 2068 847 2150 inquisitio
862 2079 936 2130 erat.
981 2066 1134 2149 Supremo

189 2167 317 2251 quidem
341 2168 402 2244 die,
428 2179 584 2233 momenta
606 2167 779 2231 deficientia
802 2188 858 2247 per
877 2166 1043 2248 dispositos
1065 2188 1134 2229 cur·

190 2289 276 2338 sores
290 2268 428 2330 nuntiata
450 2267 618 2342 constabat,
633 2265 720 2329 nullo
739 2267 883 2330 credente
898 2267 944 2328 sic
958 2265 1133 2342 accelerari,

190 2387 270 2450 quae
298 2366 393 2430 tristis
415 2365 544 2429 audiret.
589 2366 735 2449 Speciem
762 2378 866 2432 tamen
891 2365 1005 2433 doloris
1032 2367 1134 2430 auimo

189 2468 339 2552 vultuque
352 2487 425 2549 prae
441 2488 476 2530 se
490 2467 571 2544 tulit,
587 2487 716 2532 securus
730 2467 796 2553 jam
810 2467 882 2545 odii,
899 2480 930 2532 et
943 2468 997 2552 qui
1010 2467 1133 2532 facilius

189 2569 396 2634 dissimularet
420 2568 580 2654 gaudium,
606 2589 702 2654 quam
727 2582 857 2634 metum.
901 2569 985 2633 Satis
1012 2583 1134 2634 consta-

188 2670 250 2748 bat,
286 2670 368 2734 lecto
402 2682 587 2735 testamento
621 2670 796 2754 Agricolae,
833 2691 896 2754 quo
931 2670 1134 2736 cohaeredem

189 2775 321 2852 optimae
334 2773 422 2837 uxori
445 2785 477 2836 et
496 2773 655 2854 piissimae
668 2772 751 2837 filiae
773 2771 987 2838 Domitianum
1000 2773 1132 2857 scripsit,

188 2872 334 2938 laetatum
348 2895 422 2938 eum
444 2873 530 2937 velut
549 2872 664 2936 honore
684 2871 885 2957 judicioque:
909 2885 973 2937 tarn
994 2894 1088 2937 caeca
1103 2886 1134 2938 et

188 2987 331 3060 corrupta
351 2996 441 3038 meus
462 2973 597 3038 assiduis
619 2973 844 3038 adulationibus
862 2987 937 3050 erat,
951 2976 1134 3049 utnescirot

188 3075 300 3138 abono
321 3088 408 3157 patre
429 3096 491 3138 non
513 3075 606 3138 scribi
625 3073 800 3151 haeredem,
815 3076 875 3140 nisi
890 3076 1007 3140 malum
1020 3077 1132 3160 princi·

188 3195 271 3256 pem.

230 3274 351 3339 XLIV.
395 3275 497 3340 Natus
526 3287 590 3339 erat
618 3277 773 3360 Agricola,
806 3279 884 3342 Caio
908 3278 1044 3341 Caesare
1072 3290 1131 3340 ter-

188 3379 265 3442 tium
285 3377 422 3453 consule,
445 3376 554 3442 ldibus
575 3376 698 3444 Juniis:
725 3381 860 3460 excessit
884 3390 970 3441 sexto
992 3389 1024 3440 et
1044 3379 1132 3460 quin·

187 3479 369 3563 quagesimo
390 3499 481 3555 anno,
503 3477 626 3542 decimo
646 3477 806 3543 Kalendas
830 3478 1032 3563 Septembris,
1058 3477 1130 3541 Col·

186 3580 257 3664 lega
270 3578 441 3664 Priscoque
463 3579 653 3643 consulibus.
670 3579 792 3654 'Quod
806 3581 833 3643 si
847 3579 987 3642 habitum
1005 3598 1130 3662 quoque

113 3743 124 3755 ,
187 3682 254 3768 ejus
268 3681 384 3765 posteri
408 3700 536 3745 noscere
557 3680 662 3758 velint,
685 3679 841 3744 decentior
855 3700 949 3764 quam
971 3678 1131 3743 sublimior

187 3780 266 3860 luit3
302 3782 378 3847 nihil
406 3793 508 3846 matus
536 3782 567 3845 in
595 3781 693 3858 vultu,
723 3780 819 3866 gratia
853 3781 914 3845 oris
950 3792 1128 3866 supererat·
