2730 4308
231 340 269 399 26
537 355 567 394 c.
591 353 687 395 conu.
711 352 847 394 ricinus

228 511 320 580 nupta
355 512 512 564 comatur:
545 499 602 562 aed
629 501 725 563 boves
753 512 784 562 et
808 498 962 562 frenatum
989 519 1105 582 equum
1132 513 1163 564 at

227 611 349 662 scutum
364 621 436 662 eum
450 599 567 663 framea
586 600 760 683 gladioque.
803 598 841 662 In
854 599 932 662 haec
946 621 1074 662 munera
1088 621 1164 663 mor

226 700 391 783 accipitur;
418 712 509 783 atque
533 701 667 764 invicem
695 702 763 781 ipsa
785 721 940 763 armorum
962 699 1079 782 aliquid
1099 721 1163 762 vno

226 800 334 863 affert:
358 800 416 864 hoc
440 803 611 866 niaximum
635 801 803 874 vinculum,
828 800 906 864 haec
930 821 1041 864 arcana
1067 821 1163 876 saera,

225 901 281 963 hos
303 901 480 986 conjugales
500 901 576 964 deos
598 901 789 966 arbitrantur.
832 899 883 964 Ne
899 923 932 964 se
947 901 1058 964 mulier
1079 913 1160 964 extra

225 1003 371 1066 virtutum
392 1003 592 1086 cogitationes
614 1014 759 1085 crineque
780 1001 931 1066 bellorum
952 1023 1044 1064 casus
1065 1014 1166 1086 putet,

225 1103 300 1183 ipsis
342 1103 514 1184 incipientis
555 1103 741 1166 matrimonii
782 1104 948 1184 auspiciis·
973 1103 1161 1178 admonetur,

224 1204 327 1268 venue
355 1225 389 1268 se
413 1203 562 1269 laborum·
580 1203 849 1288 periculorumque
878 1204 1003 1279 sociam,
1027 1203 1115 1268 idem·
1131 1203 1163 1268 iu

225 1327 312 1390 pace,
341 1305 424 1369 idem
445 1307 485 1369 in
513 1305 628 1386 proelio
656 1325 831 1390 passuram·
846 1325 1073 1387 ausuramque:
1096 1303 1162 1368 -hoc

229 1408 327 1491 juncti
348 1409 454 1483 boves,
478 1406 537 1470 hoc
558 1420 681 1487 paratus
704 1427 814 1489 equus,
834 1405 893 1469 hoc
913 1405 984 1469 data
1005 1427 1089 1470 arma
1109 1405 1162 1470 de·

224 1510 382 1584 nuntiant3
406 1509 452 1570 sic
466 1507 640 1583 vivendum,
657 1508 703 1570 sio
717 1506 907 1586 pereundum
919 1529 931 1570 ¹:
954 1509 1093 1593 accipere
1107 1528 1160 1585 ω,

224 1629 304 1691 qnae
332 1607 436 1670 liberis
465 1607 610 1670 inviolata
637 1627 676 1670 ac
699 1607 793 1690 digna
820 1607 937 1683 reddet,
959 1629 1038 1691 quae
1067 1629 1161 1670 nurus

224 1709 375 1789 accipiant
394 1729 512 1784 rursus,
535 1729 614 1791 quae
635 1707 822 1790 adnepotes
847 1708 1025 1774 reserantur.

265 1806 357 1872 XIX.
380 1806 575 1890 Ergosepta
593 1809 742 1900 pudicitia
762 1821 867 1892 agunt,
889 1808 983 1873 nullis
1003 1822 1162 1890 spectacu-

224 1910 323 1974 lorum
360 1909 523 1986 illecebris,
559 1909 654 1972 nullis
694 1911 904 1974 conviviorum
945 1897 1164 1974 irritationibus¹

203 2007 207 2021 ’
223 2023 392 2092 corruptae.
437 2008 624 2076 Litterarum
646 2023 764 2074 secreta
777 2012 834 2074 riri
854 2012 966 2092 pariter
979 2033 1016 2075 ac
1029 2011 1161 2078 feminae

223 2113 370 2196 ignorant.
413 2110 610 2176 Paucissima
638 2112 670 2174 in
690 2123 754 2174 tam
779 2133 943 2176 numerosa
964 2124 1055 2196 gente
1076 2113 1150 2176 adul

130 2275 136 2284 ,
222 2215 320 2289 teria;
348 2235 481 2297 quorum
508 2235 607 2298 poena
639 2233 784 2294 praesens
806 2224 838 2276 et
858 2213 975 2276 maritis
1002 2213 1166 2294 permissa..

222 2315 345 2379 Aecisis
367 2315 513 2390 crinibus,
535 2314 691 2390 nudatam,
711 2334 815 2378 coram
835 2314 1023 2398 propinquis,
1040 2313 1161 2394 expellit

223 2415 314 2478 domo
341 2416 480 2488 maritus,
503 2434 540 2475 ac
565 2435 621 2497 per
648 2435 771 2478 omnem
796 2415 901 2478 vicum
922 2414 1049 2478 verbere
1077 2416 1161 2499 agit:

222 2514 395 2596 publicatae
424 2514 506 2576 enim
533 2513 699 2594 pudicitiae
727 2514 812 2578 nulla
832 2516 943 2580 venia:
972 2536 1033 2578 nou
1054 2514 1162 2591 forma,

224 2637 284 2677 non
311 2627 509 2690 aetate-non
538 2614 647 2694 opibus
675 2616 820 2680 maritum
847 2616 1006 2680 invenerit.
1060 2614 1163 2680 Nemo

224 2716 306 2778 enim
327 2714 391 2779 illic
412 2715 486 2777 vitia
512 2715 615 2778 ridet:
639 2737 697 2778 nec
726 2736 920 2798 corrumpere
950 2729 982 2780 et
1009 2718 1162 2797 corrumpi

224 2815 385 2880 saeculum
407 2827 543 2878 vocatur.
590 2815 702 2879 Melius
728 2816 854 2900 quidem
877 2817 978 2880 adhuc
1008 2837 1063 2880 eae
1089 2818 1163 2880 civi«

224 2928 312 2993 tates,
335 2917 366 2978 in
388 2917 500 3000 quibua
522 2928 640 2980 tantum
653 2918 787 3001 virgines
808 2918 938 2994 nubunt,
955 2931 987 2982 et
1007 2939 1081 2982 cum
1105 2937 1163 2999 spe

224 3030 355 3100 votoque
370 3018 473 3082 uxoris
489 3017 589 3082 semel·
600 3020 785 3102 transigitur.
829 3019 884 3082 Sic
898 3040 995 3082 uuum
1010 3019 1162 3100 accipiunt

223 3119 377 3195 maritum,
393 3139 454 3201 quo
475 3119 567 3186 modo
581 3140 678 3183 unum
700 3141 813 3204 corpus
834 3141 989 3203 unamque
1003 3122 1108 3196 vitam,
1123 3141 1162 3182 ne

225 3220 287 3284 ulla
322 3219 466 3302 cogitatio
500 3221 589 3295 ultra,
617 3241 657 3282 ne
685 3219 803 3304 longior
837 3221 1001 3306 cupiditas,
1030 3243 1070 3284 ue
1098 3233 1149 3284 tan

224 3341 317 3406 quam
344 3320 497 3397 maritum,
528 3319 585 3384 sed
610 3332 757 3407 tanquam
792 3323 1019 3385 matrimonium
1049 3333 1153 3384 ament

223 3421 400 3490 Numerum
420 3409 585 3486 liberorum
600 3407 698 3497 finire,
713 3433 766 3485 aut
787 3443 962 3506 quenquam
985 3445 1024 3486 ex
1044 3422 1160 3504 agnatis

225 3545 344 3601 necare,
370 3523 522 3606 flagitium
551 3521 700 3585 habetur:
728 3523 860 3607 plusque
890 3526 932 3588 ibi
960 3525 1042 3588 boni
1062 3543 1161 3586 mores

227 3625 336 3698 valent,
351 3643 445 3707 quam
459 3623 532 3689 alibi
546 3622 645 3686 bonae
659 3623 756 3708 leges.

268 3722 342 3788 XX.
365 3723 402 3787 In
417 3725 499 3787 omni
513 3724 605 3787 domo
623 3725 697 3788 nudi
713 3727 755 3789 ac'
765 3727 888 3802 sordidi,
905 3729 936 3790 in
951 3727 1006 3789 hos
1022 3739 1106 3789 artus
1133 3729 1159 3786 ir
